2626 4416
151 267 213 328 122
545 276 587 329 Illi
605 277 707 332 Bucco
725 278 817 332 GlVlLl

235 451 293 520 22.
319 453 515 514 Massilienses
537 451 675 514 omnibus
696 453 802 515 defessi
823 454 920 529 malis,
941 455 985 515 rei
1007 456 1218 518 frumentariae

150 544 186 606 ad
200 556 344 603 summam
359 537 488 617 inopiam
504 537 630 611 adducti,
645 537 691 599 bis
706 538 801 599 navali
815 538 929 618 proelio
945 541 1089 618 superati,
1105 542 1219 604 crebris

150 624 358 706 eruptionibus
379 622 451 698 lusi,
474 622 554 702 gravi
577 622 664 682 ctiam
685 623 853 701 pestilentia
875 625 1035 687 conflictati
1054 645 1090 686 ex
1105 626 1219 688 diutina

150 710 342 776 conclusione
357 716 387 769 ct
400 707 562 768 mutatione
576 707 670 769 victus
683 709 800 786 (panico
817 708 896 769 enim
910 717 1009 771 vetere
1023 719 1112 790 atque
1127 712 1219 773 ordeo

149 803 292 875 corrupto
308 812 412 855 omnes
426 791 594 868 alebantur,
619 793 698 871 quod
712 792 749 853 ad
770 793 938 856 huiusmodi
953 813 1038 857 casus
1054 796 1220 876 antiquitus

149 890 283 964 paratum
295 880 325 940 in
338 877 490 959 publicum
506 877 716 955 contulerant),
731 876 843 939 deiecta
857 880 941 957 turri,
956 879 1097 941 labefacta
1112 899 1221 960 magna

149 976 232 1048 parte
247 964 334 1038 muri,
349 963 463 1024 auxiliis
477 962 696 1043 provinciarum
705 964 740 1024 'et
755 964 937 1025 exercituum
952 965 1123 1045 desperatis,
1144 985 1220 1045 quos

148 1055 180 1114 in
204 1049 334 1112 Caesaris
355 1055 531 1127 potestatem
552 1047 667 1109 venisse
690 1057 903 1126 cognoverant,
933 1068 998 1111 sese
1025 1051 1132 1112 dedere
1153 1052 1220 1113 sinc

113 1149 128 1201 2
149 1137 251 1200 lraude
266 1134 460 1196 constituunt.
491 1131 549 1194 Sed
571 1133 674 1211 paucis
690 1141 758 1194 ante
772 1133 876 1195 diebus
890 1134 924 1195 L.
940 1135 1085 1197 Domitius
1100 1137 1220 1216 cognita

149 1220 364 1285 Massilensium
378 1217 527 1279 volontate
542 1217 665 1279 navibus
679 1237 712 1278 m
726 1219 911 1298 comparatis,
928 1237 964 1281 ex
980 1219 1087 1299 quibus
1098 1241 1117 1281 n
1134 1222 1220 1282 lami·

148 1307 270 1368 liaribus
285 1303 346 1366 suis
360 1302 548 1377 attribuerat,
571 1320 662 1364 unam
675 1303 738 1382 ipse
752 1305 982 1379 conscenderat,
1005 1313 1110 1367 nactus
1124 1305 1220 1368 turbi-

113 1403 128 1453 3
149 1394 214 1453 dam
229 1396 434 1469 tempestatem
449 1389 602 1467 proiectus
617 1395 669 1449 est.
705 1388 794 1449 Hunc
817 1389 1003 1468 conspicatae
1020 1409 1121 1465 nares,
1145 1409 1220 1470 quae

149 1477 241 1538 missu
256 1473 340 1536 Bruti
354 1473 570 1534 consuetudine
585 1472 731 1534 cotidiana
746 1474 781 1534 ad
796 1483 915 1552 portum
932 1474 1131 1550 excubabant,
1147 1475 1220 1538 sub-

112 1573 128 1624 4
147 1562 213 1624 latis
228 1559 345 1621 ancoris
359 1558 443 1637 sequi
458 1565 631 1637 coeperunt.
661 1557 706 1618 Ex
716 1558 762 1620 his
774 1577 868 1620 unum
878 1559 972 1639 ipsius
986 1561 1135 1639 navigium
1146 1579 1220 1622 con·
1236 1581 1251 1595 ⁸

148 1646 243 1709 tendit
257 1653 287 1706 et
301 1645 403 1723 fugere
417 1642 613 1721 perseveravit
626 1642 794 1722 auxilioque
809 1644 990 1723 tempestatis
1005 1663 1042 1706 ex
1056 1654 1221 1725 conspeetu

148 1731 230 1806 abiit,
249 1731 308 1791 duo
322 1727 479 1809 perterrita
494 1745 643 1814 concursu
658 1735 827 1789 nostrarum
841 1729 958 1790 navium
973 1749 1037 1792 sese
1052 1730 1084 1790 in
1100 1738 1221 1810 portum

114 1822 336 1897 succeperunt.
370 1812 569 1875 Massilienses
590 1830 671 1873 arma
692 1820 898 1892 tormentaque
921 1833 956 1875 ex
979 1814 1104 1894 oppido,
1127 1823 1161 1876 ut
1176 1826 1220 1878 est

150 1902 340 1981 imperatum,
369 1899 541 1978 proferunt,
571 1897 652 1959 navis
673 1916 708 1960 ex
730 1905 820 1978 portu
843 1899 1052 1978 navalibusque
1080 1900 1220 1975 educunt,

150 2064 296 2171 {illim
310 2049 509 2168 diluite?
527 2045 597 2166 lli
616 2061 662 2167 il}
710 2045 1221 2170 instauratur,{¹1¹¹th

151 2187 191 2238 die
217 2185 353 2237 Landreise
379 2198 431 2234 ron
457 2182 568 2235 Tarraco
595 2183 659 2234 nach
710 2156 1220 2252 merlstzuentlrommenlroffenlionnte,

149 2253 263 2305 Massilia
281 2250 377 2302 wieder
394 2250 453 2302 acbt
471 2248 554 2315 Tage,
573 2264 603 2302 so
621 2266 660 2302 er·
711 2250 789 2304 daber
806 2251 823 2318 ἦ
840 2255 857 2305 4
874 2253 980 2304 aemilio
998 2257 1169 2320 tempestatis.

150 2321 237 2373 holten
255 2320 303 2371 wir
315 2318 353 2370 als
371 2317 417 2370 das
430 2318 664 2386 wahrsclreinliehe
745 2323 769 2372 4.
787 2319 833 2370 ldae
845 2321 886 2370 bis
902 2320 1005 2372 bezieht
1022 2321 1077 2373 sicli
1095 2321 1166 2372 nicht
1177 2322 1224 2373 aul

149 2389 242 2441 Datum
260 2388 343 2440 seiner
354 2385 470 2438 Ankunlt
486 2401 534 2437 vor
545 2384 660 2438 Massilia
711 2386 753 2438 die
787 2386 912 2439 zundchst
945 2389 1037 2441 vor-her
1071 2390 1221 2442 erwdhnien

149 2457 200 2510 den
226 2459 250 2510 9.
274 2454 431 2521 September.
475 2453 600 2507 lliernacb
626 2455 660 2505 ist
712 2452 807 2507 Schllle
819 2454 865 2507 des
877 2454 979 2522 Brutus,
997 2456 1105 2508 sondem
1123 2457 1169 2508 oui
1179 2457 1221 2509 die

150 2526 196 2578 das
230 2523 323 2576 Gesetz
359 2522 405 2574 des
444 2521 555 2588 Lepidus
597 2522 660 2574 iiber
711 2522 765 2574 diei
783 2521 829 2575 des
846 2521 981 2577 Domitius.
1007 2523 1222 2577 DieselbeNaclr·

150 2593 240 2646 Cisars
273 2589 392 2643 bilitatur
424 2589 577 2642 vennutlich
618 2605 659 2642 am
710 2589 846 2656 lissigkeit
854 2589 934 2643 findet
943 2591 997 2647 sicli
1005 2607 1027 2646 z.
1035 2591 1063 2644 Β.
1074 2592 1221 2644 beiSallust

150 2665 191 2714 31.
203 2662 305 2726 August
316 2658 531 2726 dmcligegongen
547 2658 608 2721 und,
627 2658 659 2710 da
711 2658 766 2712 ilat.
781 2663 820 2724 17,
834 2661 861 2712 3:
879 2663 909 2710 in
926 2660 1059 2711 divisione
1076 2663 1149 2712 orbis
1166 2665 1221 2711 ter·-

151 2729 218 2782 ohne
235 2727 342 2780 Zweilel
364 2726 409 2779 das
431 2726 586 2793 gesetnliche
604 2725 659 2778 Tri·
710 2742 759 2778 roe
772 2726 896 2794 plerique
914 2731 943 2778 in
956 2733 1037 2794 porte
1052 2731 1132 2778 tertio
1144 2726 1221 2789 Afriss

149 2797 272 2850 nundium
290 2795 364 2847 dabei
376 2795 539 2861 eingehalten
552 2794 659 2847 worden
711 2809 911 2862 composuere,
930 2800 1016 2862 pauci
1037 2796 1221 2848 antummodo

149 2867 192 2931 ist,
204 2880 245 2916 am
260 2868 298 2917 15.
304 2864 404 2929 August
416 2863 584 2930 promulgiert
593 2877 659 2915 wor-
710 2864 805 2915 Asiam
821 2868 848 2913 et
864 2864 1016 2930 Europam,
1033 2864 1081 2914 sed
1095 2862 1222 2925 Africam

150 2933 213 2998 den,
237 2931 361 2984 naclrdem
386 2931 427 2983 die
447 2931 586 2984 Naehriclrt
607 2946 658 2984 von
710 2934 741 2982 in
761 2932 881 2997 Europa.
915 2933 957 2984 Eo
980 2931 1101 2997 (nimlich
1123 2931 1220 2995 Africa)

150 3001 195 3053 der
203 2999 379 3067 Kapitulation
391 2998 436 3051 der
444 2999 595 3052 Afranianos
606 2999 659 3052 ein·
711 3003 775 3065 cet,
803 2999 855 3053 dic.
879 3000 910 3051 ad
932 2999 985 3051 att
1005 3003 1050 3064 10,
1069 3002 1097 3063 8,
1120 3002 1164 3053 10:
1190 3017 1220 3051 eo

150 3083 233 3136 ⁸⁶⁸³¹¹
252 3082 401 3186 ‘bill-ta
421 3136 566 3201 mata,
607 3136 660 3185 ot
711 3065 1222 3200 tzitttmltltttffttttltt

149 3218 259 3269 sperare
275 3218 332 3254 rem
348 3203 457 3254 braucht
475 3202 551 3254 discr
568 3218 616 3254 nur
632 3203 659 3254 in
711 3202 792 3264 (nicht
815 3201 901 3265 Curio)
925 3207 987 3267 cet,
1013 3202 1065 3254 und
1092 3204 1139 3255 mit
1162 3202 1221 3255 dem

150 3270 194 3322 der
217 3269 403 3322 Monstruktion
425 3269 471 3321 des
488 3270 547 3320 Abi.
567 3269 658 3334 absol,
711 3269 856 3323 Relativum
875 3269 916 3320 bei
929 3270 1000 3323 Caes.
1018 3270 1046 3322 B.
1057 3270 1086 3323 G.
1101 3275 1123 3335 l,
1137 3273 1178 3333 59,
1191 3273 1220 3323 2:

150 3341 222 3391 sonet
245 3342 303 3403 sagi
326 3352 353 3388 er
376 3337 465 3389 immer
482 3338 553 3402 desp.
571 3338 604 3387 de
620 3353 657 3389 re.
710 3337 847 3388 Bellovaci
869 3342 959 3388 auton
982 3338 1130 3401 defectione
1152 3339 1221 3389 Hoe-

149 3404 195 3457 nie
218 3404 404 3456 llonstrulrtion
430 3405 478 3456 mit
503 3404 560 3456 dem
584 3403 660 3456 Dativ
711 3405 825 3457 duorum
849 3408 967 3472 cognito,
994 3409 1042 3473 qui
1068 3407 1220 3471 (Bellovaci)

149 3472 230 3526 flndet
248 3473 303 3523 sich
320 3488 368 3524 nur
385 3488 418 3524 an
430 3475 445 3523 2
459 3471 568 3524 SleMen:
587 3470 616 3523 B.
629 3471 658 3524 d.
711 3476 773 3524 ante
790 3478 869 3523 eram
888 3489 937 3540 per
961 3491 989 3525 ac
1004 3474 1138 3540 infideles,
1162 3479 1221 3540 cet,

151 3545 175 3608 3,
196 3543 235 3606 12,
253 3543 281 3593 3:
304 3543 361 3590 auia
383 3539 503 3623 fortupip
520 3539 660 3605 desperare
683 3605 685 3608 y
711 3539 851 3624 Cic3Tuso.
866 3544 967 3608 1,1,³:
986 3543 1080 3595 Liuius
1097 3542 1221 3605 fabulam

150 3607 660 3743 &ttulddlnt'ttltttffu
709 3609 1220 3744 btt‚·,oaua⁰ftttttrdt

150 3763 171 3802 c.
192 3750 223 3802 13
240 3745 293 3798 und
313 3747 351 3798 ll.
563 3809 565 3812 Α
709 3760 790 3811 quom
801 3745 912 3797 Plautus
928 3745 1092 3800 etNocoe'us.
1108 3774 1141 3786 -
1158 3763 1221 3800 aon-

183 3817 207 3868 2.
218 3818 316 3866 noenu
327 3811 463 3865 turbidam
471 3816 658 3878 tempestatem.
709 3814 810 3865 tendit.-
836 3817 948 3867 stenerte
970 3817 1135 3880 angestrengt
1161 3830 1221 3868 vor·

148 3881 279 3935 Dieoben
298 3885 381 3948 1,31‚
401 3884 413 3933 1
432 3879 658 3948 angegebenelie-
708 3883 801 3947 wirte,
830 3882 919 3935 suchte
943 3881 989 3933 das
1010 3880 1095 3934 Weite
1120 3897 1153 3934 zu
1176 3898 1221 3950 ge·

150 3949 264 4015 dentung
280 3949 326 4002 hat
341 3953 438 4002 noenu
454 3948 520 4001 anch
537 3947 600 4014 hier,
624 3947 657 4002 da
708 3950 819 4002 winnen.
