<?xml version="1.0" encoding="UTF-8"?>
<!DOCTYPE html PUBLIC "-//W3C//DTD XHTML 1.0 Transitional//EN"
    "http://www.w3.org/TR/xhtml1/DTD/xhtml1-transitional.dtd">
<html xmlns="http://www.w3.org/1999/xhtml" xml:lang="en" lang="en">
 <head>
  <title>
</title>
<meta http-equiv="Content-Type" content="text/html;charset=utf-8" />
  <meta name='ocr-system' content='tesseract 3.04.00' />
  <meta name='ocr-capabilities' content='ocr_page ocr_carea ocr_par ocr_line ocrx_word'/>
</head>
<body>
  <div class='ocr_page' id='page_1' title='image "./ciuliicaesarisc01caesgoog/ciuliicaesarisc01caesgoog_0137.png"; bbox 0 0 2626 4416; ppageno 0'>
   <div class='ocr_carea' id='block_1_1' title="bbox 183 223 856 284">
    <p class='ocr_par' dir='ltr' id='par_1_1' title="bbox 183 223 856 284">
     <span class='ocr_line' id='line_1_1' title="bbox 183 223 856 284; baseline -0.013 0"><span class='ocrx_word' id='word_1_1' title='bbox 183 223 250 284; x_wconf 72' lang='lat'><strong>¹130</strong></span> <span class='ocrx_word' id='word_1_2' title='bbox 583 223 625 276; x_wconf 85' lang='lat' dir='ltr'><strong>DE</strong></span> <span class='ocrx_word' id='word_1_3' title='bbox 643 223 745 276; x_wconf 83' lang='lat' dir='ltr'>BELLO</span> <span class='ocrx_word' id='word_1_4' title='bbox 764 223 856 276; x_wconf 85' lang='lat' dir='ltr'><strong>GlVlLl</strong></span> 
     </span>
    </p>
   </div>
   <div class='ocr_carea' id='block_1_2' title="bbox 148 396 1267 1816">
    <p class='ocr_par' dir='ltr' id='par_1_2' title="bbox 149 396 1267 732">
     <span class='ocr_line' id='line_1_2' title="bbox 149 396 1267 476; baseline -0.004 -17"><span class='ocrx_word' id='word_1_5' title='bbox 149 410 165 459; x_wconf 77' lang='grc'><strong>4</strong></span> <span class='ocrx_word' id='word_1_6' title='bbox 188 399 356 461; x_wconf 76' lang='lat' dir='ltr'><strong>Castrorum</strong></span> <span class='ocrx_word' id='word_1_7' title='bbox 378 405 475 458; x_wconf 90' lang='lat' dir='ltr'><strong>autem</strong></span> <span class='ocrx_word' id='word_1_8' title='bbox 496 399 618 458; x_wconf 88' lang='lat' dir='ltr'><strong>mutatio</strong></span> <span class='ocrx_word' id='word_1_9' title='bbox 640 396 711 476; x_wconf 90' lang='lat' dir='ltr'><strong>quid</strong></span> <span class='ocrx_word' id='word_1_10' title='bbox 733 397 824 458; x_wconf 87' lang='lat' dir='ltr'><strong>habet</strong></span> <span class='ocrx_word' id='word_1_11' title='bbox 838 397 896 458; x_wconf 91' lang='lat' dir='ltr'><strong>nisi</strong></span> <span class='ocrx_word' id='word_1_12' title='bbox 911 405 1028 476; x_wconf 81' lang='lat' dir='ltr'><strong>turpem</strong></span> <span class='ocrx_word' id='word_1_13' title='bbox 1044 397 1142 474; x_wconf 81' lang='lat' dir='ltr'><strong>sugam</strong></span> <span class='ocrx_word' id='word_1_14' title='bbox 1166 403 1195 456; x_wconf 91' lang='lat' dir='ltr'><strong>et</strong></span> <span class='ocrx_word' id='word_1_15' title='bbox 1210 396 1267 455; x_wconf 85' lang='lat' dir='ltr'><strong>de·</strong></span> 
     </span>
     <span class='ocr_line' id='line_1_3' title="bbox 187 479 1267 563; baseline -0.005 -18"><span class='ocrx_word' id='word_1_16' title='bbox 187 483 386 563; x_wconf 80' lang='lat' dir='ltr'><strong>sperationem</strong></span> <span class='ocrx_word' id='word_1_17' title='bbox 402 483 535 543; x_wconf 84' lang='lat' dir='ltr'><strong>omniunt</strong></span> <span class='ocrx_word' id='word_1_18' title='bbox 550 492 579 543; x_wconf 91' lang='lat' dir='ltr'><strong>et</strong></span> <span class='ocrx_word' id='word_1_19' title='bbox 594 482 802 543; x_wconf 72' lang='lat' dir='ltr'><strong>alienationem</strong></span> <span class='ocrx_word' id='word_1_20' title='bbox 817 479 985 543; x_wconf 79' lang='lat' dir='ltr'><strong>exercitus?</strong></span> <span class='ocrx_word' id='word_1_21' title='bbox 1002 481 1075 541; x_wconf 89' lang='lat' dir='ltr'><strong>Nam</strong></span> <span class='ocrx_word' id='word_1_22' title='bbox 1091 499 1190 559; x_wconf 91' lang='lat' dir='ltr'><strong>neque</strong></span> <span class='ocrx_word' id='word_1_23' title='bbox 1205 499 1267 559; x_wconf 82' lang='lat' dir='ltr'><strong>pu·</strong></span> 
     </span>
     <span class='ocr_line' id='line_1_4' title="bbox 187 565 1267 647; baseline -0.002 -19"><span class='ocrx_word' id='word_1_24' title='bbox 187 570 291 629; x_wconf 89' lang='lat' dir='ltr'><strong>dentes</strong></span> <span class='ocrx_word' id='word_1_25' title='bbox 306 566 449 647; x_wconf 87' lang='lat' dir='ltr'><strong>suspicari</strong></span> <span class='ocrx_word' id='word_1_26' title='bbox 465 575 583 647; x_wconf 85' lang='lat' dir='ltr'><strong>oportet</strong></span> <span class='ocrx_word' id='word_1_27' title='bbox 597 566 652 628; x_wconf 91' lang='lat' dir='ltr'><strong>sibi</strong></span> <span class='ocrx_word' id='word_1_28' title='bbox 666 585 771 646; x_wconf 91' lang='lat' dir='ltr'><strong>parum</strong></span> <span class='ocrx_word' id='word_1_29' title='bbox 787 567 882 641; x_wconf 86' lang='lat' dir='ltr'><strong>credi,</strong></span> <span class='ocrx_word' id='word_1_30' title='bbox 905 585 1003 645; x_wconf 91' lang='lat' dir='ltr'><strong>neque</strong></span> <span class='ocrx_word' id='word_1_31' title='bbox 1019 565 1171 644; x_wconf 89' lang='lat' dir='ltr'><strong>improbos</strong></span> <span class='ocrx_word' id='word_1_32' title='bbox 1184 565 1267 626; x_wconf 91' lang='lat' dir='ltr'><strong>scire·</strong></span> 
     </span>
     <span class='ocr_line' id='line_1_5' title="bbox 187 650 1262 732; baseline -0.005 -17"><span class='ocrx_word' id='word_1_33' title='bbox 187 672 251 715; x_wconf 88' lang='lat' dir='ltr'><strong>sese</strong></span> <span class='ocrx_word' id='word_1_34' title='bbox 266 653 378 728; x_wconf 90' lang='lat' dir='ltr'><strong>timeri,</strong></span> <span class='ocrx_word' id='word_1_35' title='bbox 402 654 480 732; x_wconf 92' lang='lat' dir='ltr'><strong>quod</strong></span> <span class='ocrx_word' id='word_1_36' title='bbox 497 652 553 713; x_wconf 92' lang='lat' dir='ltr'><strong>illis</strong></span> <span class='ocrx_word' id='word_1_37' title='bbox 574 652 723 712; x_wconf 84' lang='lat' dir='ltr'><strong>licentiam</strong></span> <span class='ocrx_word' id='word_1_38' title='bbox 739 652 827 714; x_wconf 90' lang='lat' dir='ltr'><strong>timor</strong></span> <span class='ocrx_word' id='word_1_39' title='bbox 846 660 950 729; x_wconf 83' lang='lat' dir='ltr'><strong>augeat</strong></span> <span class='ocrx_word' id='word_1_40' title='bbox 966 658 1082 724; x_wconf 91' lang='lat' dir='ltr'><strong>noster,</strong></span> <span class='ocrx_word' id='word_1_41' title='bbox 1105 651 1151 711; x_wconf 91' lang='lat' dir='ltr'><strong>his</strong></span> <span class='ocrx_word' id='word_1_42' title='bbox 1165 650 1262 711; x_wconf 89' lang='lat' dir='ltr'><strong>studia</strong></span> 
     </span>
    </p>

    <p class='ocr_par' dir='ltr' id='par_1_3' title="bbox 150 735 1261 986">
     <span class='ocr_line' id='line_1_6' title="bbox 150 735 1261 815; baseline -0.002 -18"><span class='ocrx_word' id='word_1_43' title='bbox 150 748 165 797; x_wconf 83' lang='lat'><strong>5</strong></span> <span class='ocrx_word' id='word_1_44' title='bbox 186 738 347 799; x_wconf 88' lang='lat' dir='ltr'><strong>deminuat.</strong></span> <span class='ocrx_word' id='word_1_45' title='bbox 378 737 472 808; x_wconf 84' lang='lat' dir='ltr'><strong>‘Quod</strong></span> <span class='ocrx_word' id='word_1_46' title='bbox 485 737 510 798; x_wconf 93' lang='lat' dir='ltr'><strong>si</strong></span> <span class='ocrx_word' id='word_1_47' title='bbox 522 737 598 809; x_wconf 88' lang='lat' dir='ltr'><strong>iam’,</strong></span> <span class='ocrx_word' id='word_1_48' title='bbox 614 736 721 815; x_wconf 88' lang='lat' dir='ltr'><strong>inquit,</strong></span> <span class='ocrx_word' id='word_1_49' title='bbox 738 738 819 798; x_wconf 90' lang='lat' dir='ltr'><strong>‘haec</strong></span> <span class='ocrx_word' id='word_1_50' title='bbox 834 736 985 815; x_wconf 81' lang='lat' dir='ltr'><strong>explorata</strong></span> <span class='ocrx_word' id='word_1_51' title='bbox 1000 735 1167 809; x_wconf 84' lang='lat' dir='ltr'><strong>habeamus,</strong></span> <span class='ocrx_word' id='word_1_52' title='bbox 1184 753 1261 813; x_wconf 89' lang='lat' dir='ltr'><strong>quae</strong></span> 
     </span>
     <span class='ocr_line' id='line_1_7' title="bbox 187 819 1261 901; baseline -0.004 -17"><span class='ocrx_word' id='word_1_53' title='bbox 187 825 223 884; x_wconf 89' lang='lat' dir='ltr'><strong>de</strong></span> <span class='ocrx_word' id='word_1_54' title='bbox 239 823 385 884; x_wconf 81' lang='lat' dir='ltr'><strong>exercitus</strong></span> <span class='ocrx_word' id='word_1_55' title='bbox 400 822 577 883; x_wconf 92' lang='lat' dir='ltr'><strong>alienatione</strong></span> <span class='ocrx_word' id='word_1_56' title='bbox 593 821 748 897; x_wconf 85' lang='lat' dir='ltr'><strong>dicuntur,</strong></span> <span class='ocrx_word' id='word_1_57' title='bbox 773 840 847 901; x_wconf 90' lang='lat' dir='ltr'><strong>quae</strong></span> <span class='ocrx_word' id='word_1_58' title='bbox 867 820 985 900; x_wconf 88' lang='lat' dir='ltr'><strong>quidem</strong></span> <span class='ocrx_word' id='word_1_59' title='bbox 1001 839 1055 900; x_wconf 85' lang='lat' dir='ltr'><strong>ego</strong></span> <span class='ocrx_word' id='word_1_60' title='bbox 1072 828 1123 882; x_wconf 90' lang='lat' dir='ltr'><strong>aut</strong></span> <span class='ocrx_word' id='word_1_61' title='bbox 1137 819 1261 880; x_wconf 89' lang='lat' dir='ltr'><strong>omnino</strong></span> 
     </span>
     <span class='ocr_line' id='line_1_8' title="bbox 187 904 1260 986; baseline -0.004 -18"><span class='ocrx_word' id='word_1_62' title='bbox 187 908 256 970; x_wconf 85' lang='lat' dir='ltr'><strong>salsa</strong></span> <span class='ocrx_word' id='word_1_63' title='bbox 272 916 322 969; x_wconf 93' lang='lat' dir='ltr'><strong>aut</strong></span> <span class='ocrx_word' id='word_1_64' title='bbox 336 914 416 967; x_wconf 89' lang='lat' dir='ltr'><strong>certe</strong></span> <span class='ocrx_word' id='word_1_65' title='bbox 431 907 547 968; x_wconf 91' lang='lat' dir='ltr'><strong>minora</strong></span> <span class='ocrx_word' id='word_1_66' title='bbox 563 907 705 986; x_wconf 89' lang='lat' dir='ltr'><strong>opinione</strong></span> <span class='ocrx_word' id='word_1_67' title='bbox 721 925 785 968; x_wconf 89' lang='lat' dir='ltr'><strong>esse</strong></span> <span class='ocrx_word' id='word_1_68' title='bbox 801 907 934 981; x_wconf 82' lang='lat' dir='ltr'><strong>conlido,</strong></span> <span class='ocrx_word' id='word_1_69' title='bbox 958 914 1069 984; x_wconf 92' lang='lat' dir='ltr'><strong>quanto</strong></span> <span class='ocrx_word' id='word_1_70' title='bbox 1087 906 1160 966; x_wconf 88' lang='lat' dir='ltr'><strong>haec</strong></span> <span class='ocrx_word' id='word_1_71' title='bbox 1176 904 1260 966; x_wconf 90' lang='lat' dir='ltr'><strong>dissi-</strong></span> 
     </span>
    </p>

    <p class='ocr_par' dir='ltr' id='par_1_4' title="bbox 149 988 1263 1158">
     <span class='ocr_line' id='line_1_9' title="bbox 149 988 1259 1071; baseline -0.002 -20"><span class='ocrx_word' id='word_1_72' title='bbox 149 1002 164 1051; x_wconf 88' lang='grc'><strong>6</strong></span> <span class='ocrx_word' id='word_1_73' title='bbox 185 992 289 1054; x_wconf 88' lang='lat' dir='ltr'><strong>mulari</strong></span> <span class='ocrx_word' id='word_1_74' title='bbox 305 1000 334 1053; x_wconf 91' lang='lat' dir='ltr'><strong>et</strong></span> <span class='ocrx_word' id='word_1_75' title='bbox 349 992 506 1065; x_wconf 87' lang='lat' dir='ltr'><strong>occultari,</strong></span> <span class='ocrx_word' id='word_1_76' title='bbox 524 1010 612 1070; x_wconf 90' lang='lat' dir='ltr'><strong>quam</strong></span> <span class='ocrx_word' id='word_1_77' title='bbox 626 1010 681 1071; x_wconf 91' lang='lat' dir='ltr'><strong>per</strong></span> <span class='ocrx_word' id='word_1_78' title='bbox 696 1011 752 1053; x_wconf 94' lang='lat' dir='ltr'><strong>nos</strong></span> <span class='ocrx_word' id='word_1_79' title='bbox 767 992 937 1052; x_wconf 86' lang='lat' dir='ltr'><strong>confirmari</strong></span> <span class='ocrx_word' id='word_1_80' title='bbox 951 988 1102 1070; x_wconf 80' lang='lat' dir='ltr'><strong>praestet?</strong></span> <span class='ocrx_word' id='word_1_81' title='bbox 1124 991 1170 1050; x_wconf 82' lang='lat' dir='ltr'><strong>An</strong></span> <span class='ocrx_word' id='word_1_82' title='bbox 1187 1008 1259 1063; x_wconf 92' lang='lat' dir='ltr'><strong>non,</strong></span> 
     </span>
     <span class='ocr_line' id='line_1_10' title="bbox 185 1076 1263 1158; baseline -0.004 -20"><span class='ocrx_word' id='word_1_83' title='bbox 185 1079 229 1138; x_wconf 91' lang='lat' dir='ltr'><strong>uti</strong></span> <span class='ocrx_word' id='word_1_84' title='bbox 245 1077 380 1158; x_wconf 88' lang='lat' dir='ltr'><strong>corporis</strong></span> <span class='ocrx_word' id='word_1_85' title='bbox 394 1077 532 1151; x_wconf 82' lang='lat' dir='ltr'><strong>vulnera,</strong></span> <span class='ocrx_word' id='word_1_86' title='bbox 556 1077 595 1136; x_wconf 90' lang='lat' dir='ltr'><strong>ita</strong></span> <span class='ocrx_word' id='word_1_87' title='bbox 610 1077 755 1138; x_wconf 83' lang='lat' dir='ltr'><strong>exercitus</strong></span> <span class='ocrx_word' id='word_1_88' title='bbox 770 1077 959 1138; x_wconf 90' lang='lat' dir='ltr'><strong>incommoda</strong></span> <span class='ocrx_word' id='word_1_89' title='bbox 973 1085 1044 1136; x_wconf 89' lang='lat' dir='ltr'><strong>sunt</strong></span> <span class='ocrx_word' id='word_1_90' title='bbox 1059 1076 1198 1155; x_wconf 85' lang='lat' dir='ltr'><strong>tegenda,</strong></span> <span class='ocrx_word' id='word_1_91' title='bbox 1222 1092 1263 1134; x_wconf 86' lang='lat' dir='ltr'><strong>ne</strong></span> 
     </span>
    </p>

    <p class='ocr_par' dir='ltr' id='par_1_5' title="bbox 149 1159 1263 1410">
     <span class='ocr_line' id='line_1_11' title="bbox 149 1159 1260 1242; baseline -0.002 -22"><span class='ocrx_word' id='word_1_92' title='bbox 149 1173 163 1220; x_wconf 81' lang='grc' dir='ltr'><em>ἰ</em></span> <span class='ocrx_word' id='word_1_93' title='bbox 185 1182 268 1242; x_wconf 91' lang='lat' dir='ltr'><strong>spem</strong></span> <span class='ocrx_word' id='word_1_94' title='bbox 290 1161 461 1223; x_wconf 86' lang='lat' dir='ltr'><strong>adversariis</strong></span> <span class='ocrx_word' id='word_1_95' title='bbox 484 1159 664 1239; x_wconf 79' lang='lat' dir='ltr'><strong>augeamus?</strong></span> <span class='ocrx_word' id='word_1_96' title='bbox 686 1163 724 1221; x_wconf 82' lang='lat' dir='ltr'><strong>At</strong></span> <span class='ocrx_word' id='word_1_97' title='bbox 739 1162 841 1235; x_wconf 88' lang='lat' dir='ltr'><strong>etiam,</strong></span> <span class='ocrx_word' id='word_1_98' title='bbox 864 1169 901 1222; x_wconf 86' lang='lat' dir='ltr'><strong>ut</strong></span> <span class='ocrx_word' id='word_1_99' title='bbox 911 1161 1007 1222; x_wconf 90' lang='lat' dir='ltr'><strong>media</strong></span> <span class='ocrx_word' id='word_1_100' title='bbox 1030 1169 1116 1220; x_wconf 86' lang='lat' dir='ltr'><strong>nocte</strong></span> <span class='ocrx_word' id='word_1_101' title='bbox 1138 1159 1260 1239; x_wconf 82' lang='lat' dir='ltr'><strong>prosici-</strong></span> 
     </span>
     <span class='ocr_line' id='line_1_12' title="bbox 184 1245 1262 1324; baseline -0.004 -17"><span class='ocrx_word' id='word_1_102' title='bbox 184 1265 311 1320; x_wconf 91' lang='lat' dir='ltr'><strong>scamur,</strong></span> <span class='ocrx_word' id='word_1_103' title='bbox 327 1246 448 1321; x_wconf 90' lang='lat' dir='ltr'><strong>addunt,</strong></span> <span class='ocrx_word' id='word_1_104' title='bbox 459 1264 519 1324; x_wconf 86' lang='lat' dir='ltr'><strong>quo</strong></span> <span class='ocrx_word' id='word_1_105' title='bbox 531 1246 681 1319; x_wconf 89' lang='lat' dir='ltr'><strong>maiorem,</strong></span> <span class='ocrx_word' id='word_1_106' title='bbox 697 1247 795 1321; x_wconf 90' lang='lat' dir='ltr'><strong>credo,</strong></span> <span class='ocrx_word' id='word_1_107' title='bbox 811 1245 958 1307; x_wconf 84' lang='lat' dir='ltr'><strong>licentiam</strong></span> <span class='ocrx_word' id='word_1_108' title='bbox 970 1246 1106 1320; x_wconf 88' lang='lat' dir='ltr'><strong>habeant,</strong></span> <span class='ocrx_word' id='word_1_109' title='bbox 1126 1245 1178 1323; x_wconf 91' lang='lat' dir='ltr'><strong>qui</strong></span> <span class='ocrx_word' id='word_1_110' title='bbox 1189 1262 1262 1323; x_wconf 87' lang='lat' dir='ltr'><strong>pec·</strong></span> 
     </span>
     <span class='ocr_line' id='line_1_13' title="bbox 186 1331 1263 1410; baseline -0.002 -20"><span class='ocrx_word' id='word_1_111' title='bbox 186 1349 252 1392; x_wconf 84' lang='lat' dir='ltr'><strong>care</strong></span> <span class='ocrx_word' id='word_1_112' title='bbox 268 1340 425 1391; x_wconf 89' lang='lat' dir='ltr'><strong>conentur.</strong></span> <span class='ocrx_word' id='word_1_113' title='bbox 454 1331 588 1409; x_wconf 86' lang='lat' dir='ltr'><strong>Namque</strong></span> <span class='ocrx_word' id='word_1_114' title='bbox 603 1331 770 1392; x_wconf 88' lang='lat' dir='ltr'><strong>huiusmodi</strong></span> <span class='ocrx_word' id='word_1_115' title='bbox 786 1351 833 1392; x_wconf 93' lang='lat' dir='ltr'><strong>res</strong></span> <span class='ocrx_word' id='word_1_116' title='bbox 847 1338 898 1391; x_wconf 90' lang='lat' dir='ltr'><strong>aut</strong></span> <span class='ocrx_word' id='word_1_117' title='bbox 919 1332 1033 1410; x_wconf 89' lang='lat' dir='ltr'><strong>pudore</strong></span> <span class='ocrx_word' id='word_1_118' title='bbox 1047 1337 1098 1391; x_wconf 92' lang='lat' dir='ltr'><strong>aut</strong></span> <span class='ocrx_word' id='word_1_119' title='bbox 1119 1338 1201 1390; x_wconf 90' lang='lat' dir='ltr'><strong>metu</strong></span> <span class='ocrx_word' id='word_1_120' title='bbox 1214 1336 1263 1399; x_wconf 81' lang='lat' dir='ltr'><strong>te-</strong></span> 
     </span>
    </p>

    <p class='ocr_par' dir='ltr' id='par_1_6' title="bbox 148 1415 1262 1816">
     <span class='ocr_line' id='line_1_14' title="bbox 148 1415 1259 1494; baseline -0.001 -21"><span class='ocrx_word' id='word_1_121' title='bbox 148 1423 163 1473; x_wconf 87' lang='lat'><em>8</em></span> <span class='ocrx_word' id='word_1_122' title='bbox 185 1424 309 1490; x_wconf 86' lang='lat' dir='ltr'><strong>nentur,</strong></span> <span class='ocrx_word' id='word_1_123' title='bbox 334 1415 442 1494; x_wconf 90' lang='lat' dir='ltr'><strong>quibus</strong></span> <span class='ocrx_word' id='word_1_124' title='bbox 457 1415 548 1476; x_wconf 86' lang='lat' dir='ltr'><strong>rebus</strong></span> <span class='ocrx_word' id='word_1_125' title='bbox 563 1435 621 1475; x_wconf 86' lang='lat' dir='ltr'><strong>nox</strong></span> <span class='ocrx_word' id='word_1_126' title='bbox 636 1416 761 1476; x_wconf 86' lang='lat' dir='ltr'><strong>maxime</strong></span> <span class='ocrx_word' id='word_1_127' title='bbox 777 1416 941 1477; x_wconf 90' lang='lat' dir='ltr'><strong>adversaria</strong></span> <span class='ocrx_word' id='word_1_128' title='bbox 956 1424 1008 1477; x_wconf 91' lang='lat' dir='ltr'><strong>est.</strong></span> <span class='ocrx_word' id='word_1_129' title='bbox 1040 1415 1138 1485; x_wconf 84' lang='lat' dir='ltr'><strong>Quare</strong></span> <span class='ocrx_word' id='word_1_130' title='bbox 1161 1430 1259 1491; x_wconf 89' lang='lat' dir='ltr'><strong>neque</strong></span> 
     </span>
     <span class='ocr_line' id='line_1_15' title="bbox 185 1500 1262 1581; baseline -0.002 -22"><span class='ocrx_word' id='word_1_131' title='bbox 185 1501 259 1561; x_wconf 90' lang='lat' dir='ltr'><strong>tanti</strong></span> <span class='ocrx_word' id='word_1_132' title='bbox 274 1519 339 1562; x_wconf 88' lang='lat' dir='ltr'><strong>sum</strong></span> <span class='ocrx_word' id='word_1_133' title='bbox 354 1500 454 1576; x_wconf 91' lang='lat' dir='ltr'><strong>animi,</strong></span> <span class='ocrx_word' id='word_1_134' title='bbox 472 1508 505 1561; x_wconf 94' lang='lat' dir='ltr'><strong>ut</strong></span> <span class='ocrx_word' id='word_1_135' title='bbox 520 1500 585 1561; x_wconf 89' lang='lat' dir='ltr'><strong>siue</strong></span> <span class='ocrx_word' id='word_1_136' title='bbox 600 1520 652 1579; x_wconf 91' lang='lat' dir='ltr'><strong>spe</strong></span> <span class='ocrx_word' id='word_1_137' title='bbox 668 1509 762 1562; x_wconf 92' lang='lat' dir='ltr'><strong>castra</strong></span> <span class='ocrx_word' id='word_1_138' title='bbox 778 1503 977 1581; x_wconf 85' lang='lat' dir='ltr'><strong>oppugnanda</strong></span> <span class='ocrx_word' id='word_1_139' title='bbox 992 1517 1144 1574; x_wconf 83' lang='lat' dir='ltr'><strong>censeam,</strong></span> <span class='ocrx_word' id='word_1_140' title='bbox 1161 1515 1262 1576; x_wconf 89' lang='lat' dir='ltr'><strong>neque</strong></span> 
     </span>
     <span class='ocr_line' id='line_1_16' title="bbox 185 1582 1262 1665; baseline -0.004 -20"><span class='ocrx_word' id='word_1_141' title='bbox 185 1585 259 1646; x_wconf 92' lang='lat' dir='ltr'><strong>tanti</strong></span> <span class='ocrx_word' id='word_1_142' title='bbox 274 1585 403 1659; x_wconf 91' lang='lat' dir='ltr'><strong>timoris,</strong></span> <span class='ocrx_word' id='word_1_143' title='bbox 419 1593 453 1646; x_wconf 93' lang='lat' dir='ltr'><strong>ut</strong></span> <span class='ocrx_word' id='word_1_144' title='bbox 467 1586 531 1665; x_wconf 90' lang='lat' dir='ltr'><strong>ipse</strong></span> <span class='ocrx_word' id='word_1_145' title='bbox 547 1586 690 1660; x_wconf 81' lang='lat' dir='ltr'><strong>deficiam,</strong></span> <span class='ocrx_word' id='word_1_146' title='bbox 705 1595 793 1665; x_wconf 90' lang='lat' dir='ltr'><strong>atque</strong></span> <span class='ocrx_word' id='word_1_147' title='bbox 808 1586 908 1646; x_wconf 92' lang='lat' dir='ltr'><strong>omnia</strong></span> <span class='ocrx_word' id='word_1_148' title='bbox 922 1585 1005 1665; x_wconf 89' lang='lat' dir='ltr'><strong>prius</strong></span> <span class='ocrx_word' id='word_1_149' title='bbox 1020 1582 1198 1664; x_wconf 83' lang='lat' dir='ltr'><strong>experienda</strong></span> <span class='ocrx_word' id='word_1_150' title='bbox 1213 1600 1262 1641; x_wconf 90' lang='lat' dir='ltr'><strong>ar·</strong></span> 
     </span>
     <span class='ocr_line' id='line_1_17' title="bbox 184 1667 1260 1750; baseline -0.005 -20"><span class='ocrx_word' id='word_1_151' title='bbox 184 1670 280 1730; x_wconf 88' lang='lat' dir='ltr'><strong>bitror</strong></span> <span class='ocrx_word' id='word_1_152' title='bbox 300 1688 465 1749; x_wconf 84' lang='lat' dir='ltr'><strong>magnaque</strong></span> <span class='ocrx_word' id='word_1_153' title='bbox 481 1689 517 1731; x_wconf 81' lang='lat' dir='ltr'><strong>ex</strong></span> <span class='ocrx_word' id='word_1_154' title='bbox 532 1679 617 1750; x_wconf 91' lang='lat' dir='ltr'><strong>parte</strong></span> <span class='ocrx_word' id='word_1_155' title='bbox 632 1672 689 1730; x_wconf 90' lang='lat' dir='ltr'><strong>iam</strong></span> <span class='ocrx_word' id='word_1_156' title='bbox 703 1689 750 1731; x_wconf 91' lang='lat' dir='ltr'><strong>me</strong></span> <span class='ocrx_word' id='word_1_157' title='bbox 770 1689 829 1731; x_wconf 91' lang='lat' dir='ltr'><strong>una</strong></span> <span class='ocrx_word' id='word_1_158' title='bbox 844 1669 996 1731; x_wconf 90' lang='lat' dir='ltr'><strong>vobiscum</strong></span> <span class='ocrx_word' id='word_1_159' title='bbox 1013 1671 1048 1730; x_wconf 90' lang='lat' dir='ltr'><strong>de</strong></span> <span class='ocrx_word' id='word_1_160' title='bbox 1064 1688 1096 1730; x_wconf 91' lang='lat' dir='ltr'><strong>re</strong></span> <span class='ocrx_word' id='word_1_161' title='bbox 1118 1667 1260 1729; x_wconf 90' lang='lat' dir='ltr'><strong>iudicium</strong></span> 
     </span>
     <span class='ocr_line' id='line_1_18' title="bbox 183 1755 485 1816; baseline 0.007 -2"><span class='ocrx_word' id='word_1_162' title='bbox 183 1756 330 1816; x_wconf 85' lang='lat' dir='ltr'><strong>facturum</strong></span> <span class='ocrx_word' id='word_1_163' title='bbox 347 1755 485 1816; x_wconf 69' lang='lat' dir='ltr'><strong>conlido!</strong></span> 
     </span>
    </p>
   </div>
   <div class='ocr_carea' id='block_1_3' title="bbox 145 1920 1260 3549">
    <p class='ocr_par' dir='ltr' id='par_1_7' title="bbox 218 1920 1258 1987">
     <span class='ocr_line' id='line_1_19' title="bbox 218 1920 1258 1987; baseline -0.001 -14"><span class='ocrx_word' id='word_1_164' title='bbox 218 1925 242 1973; x_wconf 84' lang='grc'><strong>4.</strong></span> <span class='ocrx_word' id='word_1_165' title='bbox 270 1923 337 1986; x_wconf 75' lang='lat' dir='ltr'><strong>quid</strong></span> <span class='ocrx_word' id='word_1_166' title='bbox 355 1924 446 1984; x_wconf 75' lang='lat' dir='ltr'><strong>hebet,</strong></span> <span class='ocrx_word' id='word_1_167' title='bbox 474 1924 528 1972; x_wconf 79' lang='lat' dir='ltr'><strong>nisi</strong></span> <span class='ocrx_word' id='word_1_168' title='bbox 549 1926 566 1971; x_wconf 77' lang='lat' dir='ltr'><strong>t,</strong></span> <span class='ocrx_word' id='word_1_169' title='bbox 588 1920 694 1986; x_wconf 76' lang='lat' dir='ltr'><strong>fugam.</strong></span> <span class='ocrx_word' id='word_1_170' title='bbox 781 1923 804 1972; x_wconf 86' lang='lat'><strong>8.</strong></span> <span class='ocrx_word' id='word_1_171' title='bbox 830 1927 863 1972; x_wconf 81' lang='lat' dir='ltr'><strong>at</strong></span> <span class='ocrx_word' id='word_1_172' title='bbox 888 1924 943 1987; x_wconf 80' lang='lat' dir='ltr'><strong>ipse</strong></span> <span class='ocrx_word' id='word_1_173' title='bbox 969 1921 1108 1983; x_wconf 79' lang='lat' dir='ltr'><strong>deficiam:</strong></span> <span class='ocrx_word' id='word_1_174' title='bbox 1135 1921 1190 1972; x_wconf 82' lang='lat' dir='ltr'><strong>dats</strong></span> <span class='ocrx_word' id='word_1_175' title='bbox 1217 1921 1258 1972; x_wconf 89' lang='lat' dir='ltr'><strong>ich</strong></span> 
     </span>
    </p>

    <p class='ocr_par' dir='ltr' id='par_1_8' title="bbox 181 1987 1260 2599">
     <span class='ocr_line' id='line_1_20' title="bbox 185 1987 1260 2055; baseline 0.001 -16"><span class='ocrx_word' id='word_1_176' title='bbox 185 1987 210 2039; x_wconf 88' lang='lat' dir='ltr'><strong>S.</strong></span> <span class='ocrx_word' id='word_1_177' title='bbox 229 2004 261 2039; x_wconf 86' lang='lat' dir='ltr'><strong>zu</strong></span> <span class='ocrx_word' id='word_1_178' title='bbox 281 1993 303 2054; x_wconf 90' lang='lat'><strong>1,</strong></span> <span class='ocrx_word' id='word_1_179' title='bbox 322 1993 362 2054; x_wconf 82' lang='grc'><strong>63,</strong></span> <span class='ocrx_word' id='word_1_180' title='bbox 381 1993 405 2041; x_wconf 85' lang='grc'><strong>2.</strong></span> <span class='ocrx_word' id='word_1_181' title='bbox 426 2019 460 2027; x_wconf 93' lang='lat'><em>-</em></span> <span class='ocrx_word' id='word_1_182' title='bbox 484 1991 695 2055; x_wconf 79' lang='lat' dir='ltr'><strong>desperationem</strong></span> <span class='ocrx_word' id='word_1_183' title='bbox 747 1989 853 2041; x_wconf 89' lang='lat' dir='ltr'><strong>selbst</strong></span> <span class='ocrx_word' id='word_1_184' title='bbox 879 1990 959 2041; x_wconf 92' lang='lat' dir='ltr'><strong>auch</strong></span> <span class='ocrx_word' id='word_1_185' title='bbox 989 1989 1038 2040; x_wconf 87' lang='lat' dir='ltr'><strong>den</strong></span> <span class='ocrx_word' id='word_1_186' title='bbox 1064 1988 1120 2040; x_wconf 84' lang='lat' dir='ltr'><strong>Mut</strong></span> <span class='ocrx_word' id='word_1_187' title='bbox 1150 1988 1260 2040; x_wconf 87' lang='lat' dir='ltr'><strong>verliere</strong></span> 
     </span>
     <span class='ocr_line' id='line_1_21' title="bbox 185 2056 1258 2120; baseline 0.002 -14"><span class='ocrx_word' id='word_1_188' title='bbox 185 2059 331 2107; x_wconf 76' lang='lat' dir='ltr'><strong>ornatum</strong></span> <span class='ocrx_word' id='word_1_189' title='bbox 348 2058 383 2108; x_wconf 90' lang='lat' dir='ltr'><strong>ist</strong></span> <span class='ocrx_word' id='word_1_190' title='bbox 400 2057 537 2109; x_wconf 85' lang='lat' dir='ltr'><strong>Neutrum:</strong></span> <span class='ocrx_word' id='word_1_191' title='bbox 554 2056 696 2109; x_wconf 84' lang='lat' dir='ltr'><strong>Verzweif-</strong></span> <span class='ocrx_word' id='word_1_192' title='bbox 746 2056 806 2120; x_wconf 88' lang='lat' dir='ltr'><strong>(wie</strong></span> <span class='ocrx_word' id='word_1_193' title='bbox 830 2061 920 2108; x_wconf 81' lang='lat' dir='ltr'><strong>animo</strong></span> <span class='ocrx_word' id='word_1_194' title='bbox 944 2058 1056 2120; x_wconf 79' lang='lat' dir='ltr'><strong>deficere</strong></span> <span class='ocrx_word' id='word_1_195' title='bbox 1078 2073 1101 2108; x_wconf 90' lang='lat' dir='ltr'><strong>c.</strong></span> <span class='ocrx_word' id='word_1_196' title='bbox 1118 2059 1165 2120; x_wconf 83' lang='grc'><strong>43,</strong></span> <span class='ocrx_word' id='word_1_197' title='bbox 1187 2061 1214 2116; x_wconf 86' lang='grc'><strong>1;</strong></span> <span class='ocrx_word' id='word_1_198' title='bbox 1236 2061 1258 2120; x_wconf 88' lang='grc'><strong>1,</strong></span> 
     </span>
     <span class='ocr_line' id='line_1_22' title="bbox 184 2123 1260 2190; baseline 0.003 -17"><span class='ocrx_word' id='word_1_199' title='bbox 184 2124 247 2189; x_wconf 77' lang='lat' dir='ltr'><strong>luug</strong></span> <span class='ocrx_word' id='word_1_200' title='bbox 265 2139 297 2174; x_wconf 92' lang='lat' dir='ltr'><strong>an</strong></span> <span class='ocrx_word' id='word_1_201' title='bbox 315 2124 412 2188; x_wconf 84' lang='lat' dir='ltr'><strong>Allem,</strong></span> <span class='ocrx_word' id='word_1_202' title='bbox 431 2125 542 2190; x_wconf 75' lang='lat' dir='ltr'><strong>rolliges</strong></span> <span class='ocrx_word' id='word_1_203' title='bbox 559 2125 695 2190; x_wconf 77' lang='lat' dir='ltr'><strong>Aulgebeu</strong></span> <span class='ocrx_word' id='word_1_204' title='bbox 749 2128 788 2188; x_wconf 85' lang='lat'><strong>19,</strong></span> <span class='ocrx_word' id='word_1_205' title='bbox 808 2126 909 2190; x_wconf 86' lang='lat' dir='ltr'><strong>1),wie</strong></span> <span class='ocrx_word' id='word_1_206' title='bbox 928 2125 969 2176; x_wconf 83' lang='lat' dir='ltr'><strong>die</strong></span> <span class='ocrx_word' id='word_1_207' title='bbox 983 2125 1110 2177; x_wconf 84' lang='lat' dir='ltr'><strong>Anderen.</strong></span> <span class='ocrx_word' id='word_1_208' title='bbox 1134 2123 1260 2176; x_wconf 89' lang='lat' dir='ltr'><strong>‘Selbst</strong></span> 
     </span>
     <span class='ocr_line' id='line_1_23' title="bbox 184 2190 1259 2262; baseline 0.001 -20"><span class='ocrx_word' id='word_1_209' title='bbox 184 2190 399 2257; x_wconf 78' lang='lat' dir='ltr'><strong>allerllollnung;</strong></span> <span class='ocrx_word' id='word_1_210' title='bbox 420 2197 443 2257; x_wconf 88' lang='lat' dir='ltr'><strong>t,</strong></span> <span class='ocrx_word' id='word_1_211' title='bbox 458 2196 496 2254; x_wconf 90' lang='lat' dir='ltr'><strong>tt,</strong></span> <span class='ocrx_word' id='word_1_212' title='bbox 510 2196 540 2262; x_wconf 29' lang='lat'><strong>3¹:</strong></span> <span class='ocrx_word' id='word_1_213' title='bbox 555 2196 634 2256; x_wconf 77' lang='lat' dir='ltr'><strong>pacis</strong></span> <span class='ocrx_word' id='word_1_214' title='bbox 651 2193 694 2242; x_wconf 85' lang='lat' dir='ltr'><strong>de·</strong></span> <span class='ocrx_word' id='word_1_215' title='bbox 747 2193 826 2244; x_wconf 90' lang='lat' dir='ltr'><strong>auch</strong></span> <span class='ocrx_word' id='word_1_216' title='bbox 857 2193 929 2259; x_wconf 80' lang='lat' dir='ltr'><strong>giebt</strong></span> <span class='ocrx_word' id='word_1_217' title='bbox 955 2193 1048 2245; x_wconf 84' lang='lat' dir='ltr'><strong>Cicero.</strong></span> <span class='ocrx_word' id='word_1_218' title='bbox 1073 2197 1139 2244; x_wconf 84' lang='lat' dir='ltr'><strong>sumt</strong></span> <span class='ocrx_word' id='word_1_219' title='bbox 1169 2192 1259 2244; x_wconf 89' lang='lat' dir='ltr'><strong>seiuen</strong></span> 
     </span>
     <span class='ocr_line' id='line_1_24' title="bbox 183 2260 1259 2326; baseline 0.002 -18"><span class='ocrx_word' id='word_1_220' title='bbox 183 2262 369 2325; x_wconf 80' lang='lat' dir='ltr'><strong>sperationem.</strong></span> <span class='ocrx_word' id='word_1_221' title='bbox 393 2288 427 2297; x_wconf 90' lang='lat'><strong>—-</strong></span> <span class='ocrx_word' id='word_1_222' title='bbox 445 2260 590 2324; x_wconf 79' lang='lat' dir='ltr'><strong>pudentes:</strong></span> <span class='ocrx_word' id='word_1_223' title='bbox 615 2260 694 2311; x_wconf 91' lang='lat' dir='ltr'><strong>Leute</strong></span> <span class='ocrx_word' id='word_1_224' title='bbox 746 2261 930 2326; x_wconf 81' lang='lat' dir='ltr'><strong>Zeitgenossen</strong></span> <span class='ocrx_word' id='word_1_225' title='bbox 947 2261 1018 2313; x_wconf 89' lang='lat' dir='ltr'><strong>nicht</strong></span> <span class='ocrx_word' id='word_1_226' title='bbox 1030 2261 1077 2312; x_wconf 91' lang='lat' dir='ltr'><strong>mit</strong></span> <span class='ocrx_word' id='word_1_227' title='bbox 1089 2265 1191 2326; x_wconf 78' lang='lat' dir='ltr'><strong>etipse,</strong></span> <span class='ocrx_word' id='word_1_228' title='bbox 1208 2261 1259 2311; x_wconf 87' lang='lat' dir='ltr'><strong>wie</strong></span> 
     </span>
     <span class='ocr_line' id='line_1_25' title="bbox 183 2326 1260 2394; baseline 0.003 -18"><span class='ocrx_word' id='word_1_229' title='bbox 183 2342 235 2378; x_wconf 83' lang='lat' dir='ltr'><strong>von</strong></span> <span class='ocrx_word' id='word_1_230' title='bbox 252 2326 404 2392; x_wconf 76' lang='lat' dir='ltr'><strong>Ehrgeitrlrl,</strong></span> <span class='ocrx_word' id='word_1_231' title='bbox 429 2326 471 2377; x_wconf 86' lang='lat' dir='ltr'><strong>die</strong></span> <span class='ocrx_word' id='word_1_232' title='bbox 494 2326 547 2378; x_wconf 92' lang='lat' dir='ltr'><strong>sich</strong></span> <span class='ocrx_word' id='word_1_233' title='bbox 572 2327 692 2390; x_wconf 87' lang='lat' dir='ltr'><strong>soheueu,</strong></span> <span class='ocrx_word' id='word_1_234' title='bbox 743 2329 831 2379; x_wconf 88' lang='lat' dir='ltr'><strong>Livius</strong></span> <span class='ocrx_word' id='word_1_235' title='bbox 849 2328 901 2380; x_wconf 92' lang='lat' dir='ltr'><strong>und</strong></span> <span class='ocrx_word' id='word_1_236' title='bbox 919 2328 960 2380; x_wconf 89' lang='lat' dir='ltr'><strong>die</strong></span> <span class='ocrx_word' id='word_1_237' title='bbox 980 2331 1099 2394; x_wconf 76' lang='lat' dir='ltr'><strong>spiteren</strong></span> <span class='ocrx_word' id='word_1_238' title='bbox 1117 2327 1260 2379; x_wconf 84' lang='lat' dir='ltr'><strong>Historilrer</strong></span> 
     </span>
     <span class='ocr_line' id='line_1_26' title="bbox 183 2391 1260 2461; baseline 0.001 -17"><span class='ocrx_word' id='word_1_239' title='bbox 183 2394 238 2444; x_wconf 91' lang='lat' dir='ltr'><strong>ihre</strong></span> <span class='ocrx_word' id='word_1_240' title='bbox 247 2391 342 2446; x_wconf 86' lang='lat' dir='ltr'><strong>Pflicht</strong></span> <span class='ocrx_word' id='word_1_241' title='bbox 350 2410 383 2445; x_wconf 83' lang='lat' dir='ltr'><strong>zu</strong></span> <span class='ocrx_word' id='word_1_242' title='bbox 391 2394 530 2457; x_wconf 84' lang='lat' dir='ltr'><strong>verletzen,</strong></span> <span class='ocrx_word' id='word_1_243' title='bbox 546 2395 607 2446; x_wconf 89' lang='lat' dir='ltr'><strong>aber</strong></span> <span class='ocrx_word' id='word_1_244' title='bbox 617 2396 693 2446; x_wconf 89' lang='lat' dir='ltr'><strong>eben·</strong></span> <span class='ocrx_word' id='word_1_245' title='bbox 744 2396 797 2447; x_wconf 89' lang='lat' dir='ltr'><strong>und</strong></span> <span class='ocrx_word' id='word_1_246' title='bbox 815 2396 856 2447; x_wconf 89' lang='lat' dir='ltr'><strong>die</strong></span> <span class='ocrx_word' id='word_1_247' title='bbox 870 2395 981 2461; x_wconf 87' lang='lat' dir='ltr'><strong>Dichter,</strong></span> <span class='ocrx_word' id='word_1_248' title='bbox 999 2395 1118 2460; x_wconf 88' lang='lat' dir='ltr'><strong>sondern,</strong></span> <span class='ocrx_word' id='word_1_249' title='bbox 1136 2410 1213 2446; x_wconf 87' lang='lat' dir='ltr'><strong>wenn</strong></span> <span class='ocrx_word' id='word_1_250' title='bbox 1231 2411 1260 2447; x_wconf 89' lang='lat' dir='ltr'><strong>er</strong></span> 
     </span>
     <span class='ocr_line' id='line_1_27' title="bbox 183 2461 1258 2530; baseline 0.001 -17"><span class='ocrx_word' id='word_1_251' title='bbox 183 2462 321 2528; x_wconf 79' lang='lat' dir='ltr'><strong>deswegen</strong></span> <span class='ocrx_word' id='word_1_252' title='bbox 332 2461 564 2514; x_wconf 81' lang='lat' dir='ltr'><strong>durchltlllstrauen</strong></span> <span class='ocrx_word' id='word_1_253' title='bbox 574 2463 627 2514; x_wconf 87' lang='lat' dir='ltr'><strong>sich</strong></span> <span class='ocrx_word' id='word_1_254' title='bbox 637 2478 694 2514; x_wconf 83' lang='lat' dir='ltr'><strong>ver·</strong></span> <span class='ocrx_word' id='word_1_255' title='bbox 743 2464 815 2515; x_wconf 85' lang='lat' dir='ltr'><strong>nicht</strong></span> <span class='ocrx_word' id='word_1_256' title='bbox 841 2467 919 2514; x_wconf 83' lang='lat' dir='ltr'><strong>item:</strong></span> <span class='ocrx_word' id='word_1_257' title='bbox 946 2464 1135 2530; x_wconf 79' lang='lat' dir='ltr'><strong>ingleichen</strong></span> <span class='ocrx_word' id='word_1_258' title='bbox 1164 2463 1258 2526; x_wconf 89' lang='lat' dir='ltr'><strong>auclr,</strong></span> 
     </span>
     <span class='ocr_line' id='line_1_28' title="bbox 181 2529 1260 2599; baseline 0 -18"><span class='ocrx_word' id='word_1_259' title='bbox 181 2529 245 2581; x_wconf 86' lang='lat' dir='ltr'><strong>letzt</strong></span> <span class='ocrx_word' id='word_1_260' title='bbox 257 2530 354 2584; x_wconf 79' lang='lat' dir='ltr'><strong>fullon.</strong></span> <span class='ocrx_word' id='word_1_261' title='bbox 384 2530 435 2583; x_wconf 87' lang='lat' dir='ltr'><strong>Cic.</strong></span> <span class='ocrx_word' id='word_1_262' title='bbox 448 2530 548 2582; x_wconf 81' lang='lat' dir='ltr'><strong>autam.</strong></span> <span class='ocrx_word' id='word_1_263' title='bbox 563 2534 601 2594; x_wconf 90' lang='lat'><strong>10,</strong></span> <span class='ocrx_word' id='word_1_264' title='bbox 614 2533 692 2594; x_wconf 63' lang='lat' dir='ltr'><strong>tat:</strong></span> <span class='ocrx_word' id='word_1_265' title='bbox 745 2535 815 2597; x_wconf 82' lang='lat' dir='ltr'><strong>sagt,</strong></span> <span class='ocrx_word' id='word_1_266' title='bbox 840 2533 930 2582; x_wconf 90' lang='lat' dir='ltr'><strong>uimmt</strong></span> <span class='ocrx_word' id='word_1_267' title='bbox 951 2548 979 2584; x_wconf 94' lang='lat' dir='ltr'><strong>er</strong></span> <span class='ocrx_word' id='word_1_268' title='bbox 1000 2534 1058 2599; x_wconf 78' lang='lat' dir='ltr'><strong>ipse</strong></span> <span class='ocrx_word' id='word_1_269' title='bbox 1075 2548 1179 2597; x_wconf 81' lang='lat' dir='ltr'><strong>quoque</strong></span> <span class='ocrx_word' id='word_1_270' title='bbox 1197 2531 1260 2583; x_wconf 88' lang='lat' dir='ltr'><strong>oder</strong></span> 
     </span>
    </p>

    <p class='ocr_par' dir='ltr' id='par_1_9' title="bbox 145 2597 1260 3549">
     <span class='ocr_line' id='line_1_29' title="bbox 145 2597 1259 2666; baseline 0.002 -18"><span class='ocrx_word' id='word_1_271' title='bbox 145 2613 152 2631; x_wconf 72' lang='lat'><strong>‹,</strong></span> <span class='ocrx_word' id='word_1_272' title='bbox 182 2599 367 2664; x_wconf 79' lang='lat' dir='ltr'><strong>acciditmilai,</strong></span> <span class='ocrx_word' id='word_1_273' title='bbox 385 2599 695 2665; x_wconf 78' lang='lat' dir='ltr'><strong>qoodlominipudenti</strong></span> <span class='ocrx_word' id='word_1_274' title='bbox 745 2605 800 2666; x_wconf 78' lang='lat' dir='ltr'><strong>ipse</strong></span> <span class='ocrx_word' id='word_1_275' title='bbox 822 2599 913 2660; x_wconf 90' lang='lat' dir='ltr'><strong>allein;</strong></span> <span class='ocrx_word' id='word_1_276' title='bbox 940 2597 968 2652; x_wconf 79' lang='lat' dir='ltr'><strong>u&#39;</strong></span> <span class='ocrx_word' id='word_1_277' title='bbox 982 2600 1007 2652; x_wconf 91' lang='lat' dir='ltr'><strong>h.</strong></span> <span class='ocrx_word' id='word_1_278' title='bbox 1026 2600 1071 2651; x_wconf 88' lang='lat' dir='ltr'><strong>der</strong></span> <span class='ocrx_word' id='word_1_279' title='bbox 1092 2598 1192 2665; x_wconf 78' lang='lat' dir='ltr'><strong>Begrilf</strong></span> <span class='ocrx_word' id='word_1_280' title='bbox 1213 2599 1259 2651; x_wconf 80' lang='lat' dir='ltr'><strong>des</strong></span> 
     </span>
     <span class='ocr_line' id='line_1_30' title="bbox 151 2666 1260 2734; baseline 0.003 -18"><span class='ocrx_word' id='word_1_281' title='bbox 151 2680 154 2687; x_wconf 90' lang='lat'>·</span> <span class='ocrx_word' id='word_1_282' title='bbox 182 2671 208 2716; x_wconf 86' lang='lat' dir='ltr'><strong>et</strong></span> <span class='ocrx_word' id='word_1_283' title='bbox 229 2668 327 2732; x_wconf 82' lang='lat' dir='ltr'><strong>cupido</strong></span> <span class='ocrx_word' id='word_1_284' title='bbox 355 2666 544 2728; x_wconf 74' lang='lat' dir='ltr'><strong>satisfaciendi</strong></span> <span class='ocrx_word' id='word_1_285' title='bbox 566 2669 694 2734; x_wconf 80' lang='lat' dir='ltr'><strong>reipubli-</strong></span> <span class='ocrx_word' id='word_1_286' title='bbox 745 2667 1260 2732; x_wconf 76' lang='lat' dir='ltr'><strong>auchwirdausdemZusammeuhange</strong></span> 
     </span>
     <span class='ocr_line' id='line_1_31' title="bbox 182 2735 1257 2803; baseline 0.001 -18"><span class='ocrx_word' id='word_1_287' title='bbox 182 2750 229 2785; x_wconf 84' lang='lat' dir='ltr'><strong>cae</strong></span> <span class='ocrx_word' id='word_1_288' title='bbox 258 2737 385 2800; x_wconf 80' lang='lat' dir='ltr'><strong>bonisque</strong></span> <span class='ocrx_word' id='word_1_289' title='bbox 419 2738 541 2786; x_wconf 79' lang='lat' dir='ltr'><strong>omnibus</strong></span> <span class='ocrx_word' id='word_1_290' title='bbox 571 2735 692 2786; x_wconf 63' lang='lat' dir='ltr'><strong>neddere</strong></span> <span class='ocrx_word' id='word_1_291' title='bbox 744 2735 884 2802; x_wconf 88' lang='lat' dir='ltr'><strong>suppliert’.</strong></span> <span class='ocrx_word' id='word_1_292' title='bbox 909 2735 1078 2803; x_wconf 74' lang='lat' dir='ltr'><strong>Nigelsbaclr.</strong></span> <span class='ocrx_word' id='word_1_293' title='bbox 1107 2735 1257 2798; x_wconf 78' lang='lat' dir='ltr'><strong>deficereiu</strong></span> 
     </span>
     <span class='ocr_line' id='line_1_32' title="bbox 181 2801 1257 2870; baseline 0.002 -19"><span class='ocrx_word' id='word_1_294' title='bbox 181 2803 255 2854; x_wconf 79' lang='lat' dir='ltr'><strong>solet.</strong></span> <span class='ocrx_word' id='word_1_295' title='bbox 281 2801 311 2854; x_wconf 93' lang='grc' dir='ltr'><strong>Β.</strong></span> <span class='ocrx_word' id='word_1_296' title='bbox 322 2802 351 2857; x_wconf 85' lang='lat' dir='ltr'><strong>G.</strong></span> <span class='ocrx_word' id='word_1_297' title='bbox 366 2807 388 2866; x_wconf 90' lang='lat'><strong>1,</strong></span> <span class='ocrx_word' id='word_1_298' title='bbox 398 2807 440 2868; x_wconf 84' lang='lat' dir='ltr'><strong>to,</strong></span> <span class='ocrx_word' id='word_1_299' title='bbox 452 2807 495 2855; x_wconf 78' lang='lat'><strong>14:</strong></span> <span class='ocrx_word' id='word_1_300' title='bbox 509 2803 692 2868; x_wconf 70' lang='lat' dir='ltr'><strong>puderetque</strong></span> <span class='ocrx_word' id='word_1_301' title='bbox 744 2803 826 2855; x_wconf 82' lang='lat' dir='ltr'><strong>dieser</strong></span> <span class='ocrx_word' id='word_1_302' title='bbox 841 2803 993 2870; x_wconf 79' lang='lat' dir='ltr'><strong>Bedeutuug</strong></span> <span class='ocrx_word' id='word_1_303' title='bbox 1010 2805 1075 2856; x_wconf 90' lang='lat' dir='ltr'><strong>wird</strong></span> <span class='ocrx_word' id='word_1_304' title='bbox 1093 2803 1257 2870; x_wconf 76' lang='lat' dir='ltr'><strong>gewohnliclt</strong></span> 
     </span>
     <span class='ocr_line' id='line_1_33' title="bbox 183 2868 1257 2937; baseline 0.001 -16"><span class='ocrx_word' id='word_1_305' title='bbox 183 2868 311 2932; x_wconf 77' lang='lat' dir='ltr'><strong>officium.</strong></span> <span class='ocrx_word' id='word_1_306' title='bbox 334 2901 368 2909; x_wconf 91' lang='lat'>-</span> <span class='ocrx_word' id='word_1_307' title='bbox 394 2872 467 2937; x_wconf 75' lang='lat' dir='ltr'><strong>quod</strong></span> <span class='ocrx_word' id='word_1_308' title='bbox 491 2876 604 2936; x_wconf 81' lang='lat' dir='ltr'><strong>augeat,</strong></span> <span class='ocrx_word' id='word_1_309' title='bbox 632 2870 691 2922; x_wconf 85' lang='lat' dir='ltr'><strong>weil</strong></span> <span class='ocrx_word' id='word_1_310' title='bbox 743 2871 790 2922; x_wconf 90' lang='lat' dir='ltr'><strong>mit</strong></span> <span class='ocrx_word' id='word_1_311' title='bbox 803 2871 1019 2936; x_wconf 74' lang='lat' dir='ltr'><strong>Ablativen„wie</strong></span> <span class='ocrx_word' id='word_1_312' title='bbox 1037 2875 1148 2933; x_wconf 81' lang='lat' dir='ltr'><strong>viribus,</strong></span> <span class='ocrx_word' id='word_1_313' title='bbox 1167 2875 1257 2922; x_wconf 84' lang='lat' dir='ltr'><strong>animo</strong></span> 
     </span>
     <span class='ocr_line' id='line_1_34' title="bbox 182 2938 1258 3005; baseline 0.001 -16"><span class='ocrx_word' id='word_1_314' title='bbox 182 2954 274 2990; x_wconf 90' lang='lat' dir='ltr'><strong>unsere</strong></span> <span class='ocrx_word' id='word_1_315' title='bbox 291 2938 386 2990; x_wconf 83' lang='lat' dir='ltr'><strong>Furcht</strong></span> <span class='ocrx_word' id='word_1_316' title='bbox 411 2939 451 2990; x_wconf 83' lang='lat' dir='ltr'><strong>die</strong></span> <span class='ocrx_word' id='word_1_317' title='bbox 469 2938 603 2991; x_wconf 84' lang='lat' dir='ltr'><strong>Frechheit</strong></span> <span class='ocrx_word' id='word_1_318' title='bbox 617 2939 692 3002; x_wconf 90' lang='lat' dir='ltr'><strong>jener</strong></span> <span class='ocrx_word' id='word_1_319' title='bbox 742 2956 767 2990; x_wconf 91' lang='lat' dir='ltr'><strong>u.</strong></span> <span class='ocrx_word' id='word_1_320' title='bbox 787 2939 867 3005; x_wconf 80' lang='lat' dir='ltr'><strong>(lergl.</strong></span> <span class='ocrx_word' id='word_1_321' title='bbox 888 2940 1051 3003; x_wconf 83' lang='lat' dir='ltr'><strong>verbunden,</strong></span> <span class='ocrx_word' id='word_1_322' title='bbox 1075 2940 1174 2992; x_wconf 86' lang='lat' dir='ltr'><strong>komrnt</strong></span> <span class='ocrx_word' id='word_1_323' title='bbox 1197 2939 1258 2992; x_wconf 90' lang='lat' dir='ltr'><strong>aber</strong></span> 
     </span>
     <span class='ocr_line' id='line_1_35' title="bbox 181 3006 1255 3071; baseline 0.004 -17"><span class='ocrx_word' id='word_1_324' title='bbox 181 3007 332 3058; x_wconf 87' lang='lat' dir='ltr'><strong>vermehren</strong></span> <span class='ocrx_word' id='word_1_325' title='bbox 344 3006 440 3071; x_wconf 77' lang='lat' dir='ltr'><strong>wurde,</strong></span> <span class='ocrx_word' id='word_1_326' title='bbox 459 3006 570 3058; x_wconf 74' lang='lat' dir='ltr'><strong>nimliclr</strong></span> <span class='ocrx_word' id='word_1_327' title='bbox 582 3006 641 3058; x_wconf 85' lang='lat' dir='ltr'><strong>falls</strong></span> <span class='ocrx_word' id='word_1_328' title='bbox 654 3007 691 3058; x_wconf 89' lang='lat' dir='ltr'><strong>sie</strong></span> <span class='ocrx_word' id='word_1_329' title='bbox 743 3007 809 3059; x_wconf 87' lang='lat' dir='ltr'><strong>auch</strong></span> <span class='ocrx_word' id='word_1_330' title='bbox 819 3008 886 3059; x_wconf 91' lang='lat' dir='ltr'><strong>ohne</strong></span> <span class='ocrx_word' id='word_1_331' title='bbox 898 3008 1005 3059; x_wconf 88' lang='lat' dir='ltr'><strong>soleheu</strong></span> <span class='ocrx_word' id='word_1_332' title='bbox 1014 3009 1106 3059; x_wconf 88' lang='lat' dir='ltr'><strong>Zusatz</strong></span> <span class='ocrx_word' id='word_1_333' title='bbox 1120 3024 1179 3068; x_wconf 74' lang='lat' dir='ltr'><strong>vor,</strong></span> <span class='ocrx_word' id='word_1_334' title='bbox 1194 3024 1216 3062; x_wconf 88' lang='lat' dir='ltr'><strong>z.</strong></span> <span class='ocrx_word' id='word_1_335' title='bbox 1227 3007 1255 3059; x_wconf 89' lang='lat' dir='ltr'><strong>B.</strong></span> 
     </span>
     <span class='ocr_line' id='line_1_36' title="bbox 183 3073 1258 3142; baseline 0.004 -20"><span class='ocrx_word' id='word_1_336' title='bbox 183 3087 210 3123; x_wconf 90' lang='lat' dir='ltr'><strong>es</strong></span> <span class='ocrx_word' id='word_1_337' title='bbox 227 3074 332 3126; x_wconf 88' lang='lat' dir='ltr'><strong>merken</strong></span> <span class='ocrx_word' id='word_1_338' title='bbox 350 3073 451 3136; x_wconf 91' lang='lat' dir='ltr'><strong>sollten,</strong></span> <span class='ocrx_word' id='word_1_339' title='bbox 471 3074 508 3126; x_wconf 91' lang='lat' dir='ltr'><strong>sie</strong></span> <span class='ocrx_word' id='word_1_340' title='bbox 522 3074 630 3126; x_wconf 77' lang='lat' dir='ltr'><strong>wurden</strong></span> <span class='ocrx_word' id='word_1_341' title='bbox 648 3089 691 3140; x_wconf 78' lang='lat' dir='ltr'><strong>ge-</strong></span> <span class='ocrx_word' id='word_1_342' title='bbox 744 3075 1258 3142; x_wconf 42' lang='grc' dir='ltr'><strong>0111111111ηααηαριαςααο-</strong></span> 
     </span>
     <span class='ocr_line' id='line_1_37' title="bbox 182 3139 1256 3210; baseline 0.003 -20"><span class='ocrx_word' id='word_1_343' title='bbox 182 3139 301 3206; x_wconf 77' lang='lat' dir='ltr'><strong>furohtet,</strong></span> <span class='ocrx_word' id='word_1_344' title='bbox 320 3142 398 3206; x_wconf 83' lang='lat' dir='ltr'><strong>quod,</strong></span> <span class='ocrx_word' id='word_1_345' title='bbox 415 3145 439 3192; x_wconf 80' lang='lat' dir='ltr'><strong>si</strong></span> <span class='ocrx_word' id='word_1_346' title='bbox 449 3145 537 3192; x_wconf 74' lang='lat' dir='ltr'><strong>seiont</strong></span> <span class='ocrx_word' id='word_1_347' title='bbox 553 3159 581 3192; x_wconf 82' lang='lat' dir='ltr'><strong>ee</strong></span> <span class='ocrx_word' id='word_1_348' title='bbox 594 3145 691 3204; x_wconf 73' lang='lat' dir='ltr'><strong>timeri,</strong></span> <span class='ocrx_word' id='word_1_349' title='bbox 744 3147 819 3208; x_wconf 83' lang='lat' dir='ltr'><strong>cepta</strong></span> <span class='ocrx_word' id='word_1_350' title='bbox 826 3147 919 3208; x_wconf 81' lang='lat' dir='ltr'><strong>patres</strong></span> <span class='ocrx_word' id='word_1_351' title='bbox 927 3147 1073 3210; x_wconf 77' lang='lat' dir='ltr'><strong>conscripti</strong></span> <span class='ocrx_word' id='word_1_352' title='bbox 1078 3145 1256 3208; x_wconf 81' lang='lat' dir='ltr'><strong>conciderent,</strong></span> 
     </span>
     <span class='ocr_line' id='line_1_38' title="bbox 183 3209 1257 3277; baseline 0.003 -19"><span class='ocrx_word' id='word_1_353' title='bbox 183 3211 264 3258; x_wconf 84' lang='lat' dir='ltr'><strong>timor</strong></span> <span class='ocrx_word' id='word_1_354' title='bbox 280 3213 371 3259; x_wconf 74' lang='lat' dir='ltr'><strong>noster</strong></span> <span class='ocrx_word' id='word_1_355' title='bbox 388 3211 524 3260; x_wconf 59' lang='lat' dir='ltr'><strong>&amp;eandam</strong></span> <span class='ocrx_word' id='word_1_356' title='bbox 542 3215 648 3274; x_wconf 81' lang='lat' dir='ltr'><strong>augeat.</strong></span> <span class='ocrx_word' id='word_1_357' title='bbox 743 3227 775 3260; x_wconf 81' lang='lat' dir='ltr'><strong>ne</strong></span> <span class='ocrx_word' id='word_1_358' title='bbox 789 3209 947 3273; x_wconf 80' lang='lat' dir='ltr'><strong>deficerent;</strong></span> <span class='ocrx_word' id='word_1_359' title='bbox 964 3211 1065 3264; x_wconf 84' lang='lat' dir='ltr'><strong>adlam.</strong></span> <span class='ocrx_word' id='word_1_360' title='bbox 1079 3216 1116 3275; x_wconf 83' lang='grc'><strong>14,</strong></span> <span class='ocrx_word' id='word_1_361' title='bbox 1128 3215 1191 3277; x_wconf 78' lang='lat'><strong>3,2:</strong></span> <span class='ocrx_word' id='word_1_362' title='bbox 1209 3212 1257 3262; x_wconf 81' lang='lat' dir='ltr'><strong>eod</strong></span> 
     </span>
     <span class='ocr_line' id='line_1_39' title="bbox 217 3276 1254 3345; baseline 0.004 -20"><span class='ocrx_word' id='word_1_363' title='bbox 217 3279 240 3326; x_wconf 80' lang='lat' dir='ltr'><strong>l.</strong></span> <span class='ocrx_word' id='word_1_364' title='bbox 260 3276 347 3340; x_wconf 83' lang='lat' dir='ltr'><strong>credo,</strong></span> <span class='ocrx_word' id='word_1_365' title='bbox 363 3276 549 3342; x_wconf 78' lang='lat' dir='ltr'><strong>eingeschaltet</strong></span> <span class='ocrx_word' id='word_1_366' title='bbox 566 3278 616 3328; x_wconf 84' lang='lat' dir='ltr'><strong>wie</strong></span> <span class='ocrx_word' id='word_1_367' title='bbox 635 3280 692 3343; x_wconf 79' lang='lat' dir='ltr'><strong>opi·</strong></span> <span class='ocrx_word' id='word_1_368' title='bbox 744 3283 832 3329; x_wconf 80' lang='lat' dir='ltr'><strong>tamen</strong></span> <span class='ocrx_word' id='word_1_369' title='bbox 867 3279 978 3329; x_wconf 81' lang='lat' dir='ltr'><strong>aamdt‘u</strong></span> <span class='ocrx_word' id='word_1_370' title='bbox 995 3295 1042 3329; x_wconf 78' lang='lat' dir='ltr'><strong>ooo</strong></span> <span class='ocrx_word' id='word_1_371' title='bbox 1060 3283 1137 3330; x_wconf 80' lang='lat' dir='ltr'><strong>eritis</strong></span> <span class='ocrx_word' id='word_1_372' title='bbox 1154 3282 1184 3329; x_wconf 80' lang='lat' dir='ltr'><strong>in</strong></span> <span class='ocrx_word' id='word_1_373' title='bbox 1201 3295 1254 3345; x_wconf 75' lang='lat' dir='ltr'><strong>spe,</strong></span> 
     </span>
     <span class='ocr_line' id='line_1_40' title="bbox 180 3296 1256 3412; baseline 0.005 -20"><span class='ocrx_word' id='word_1_374' title='bbox 180 3358 233 3393; x_wconf 77' lang='lat' dir='ltr'><strong>nor</strong></span> <span class='ocrx_word' id='word_1_375' title='bbox 244 3343 297 3394; x_wconf 87' lang='lat' dir='ltr'><strong>und</strong></span> <span class='ocrx_word' id='word_1_376' title='bbox 305 3349 382 3408; x_wconf 80' lang='lat' dir='ltr'><strong>puto,</strong></span> <span class='ocrx_word' id='word_1_377' title='bbox 400 3344 425 3394; x_wconf 91' lang='lat' dir='ltr'><strong>in</strong></span> <span class='ocrx_word' id='word_1_378' title='bbox 441 3344 582 3396; x_wconf 87' lang='lat' dir='ltr'><strong>ironischer</strong></span> <span class='ocrx_word' id='word_1_379' title='bbox 594 3343 693 3396; x_wconf 86' lang='lat' dir='ltr'><strong>Bedeu-</strong></span> <span class='ocrx_word' id='word_1_380' title='bbox 742 3361 797 3396; x_wconf 81' lang='lat' dir='ltr'><strong>non</strong></span> <span class='ocrx_word' id='word_1_381' title='bbox 809 3296 941 3408; x_wconf 56' lang='lat' dir='ltr'><strong>deiciam,</strong></span> <span class='ocrx_word' id='word_1_382' title='bbox 957 3363 991 3398; x_wconf 79' lang='lat' dir='ltr'><strong>tte</strong></span> <span class='ocrx_word' id='word_1_383' title='bbox 1003 3351 1093 3399; x_wconf 81' lang='lat' dir='ltr'><strong>omnio</strong></span> <span class='ocrx_word' id='word_1_384' title='bbox 1106 3363 1163 3398; x_wconf 83' lang='lat' dir='ltr'><strong>mea</strong></span> <span class='ocrx_word' id='word_1_385' title='bbox 1176 3348 1256 3412; x_wconf 83' lang='lat' dir='ltr'><strong>eulpa</strong></span> 
     </span>
     <span class='ocr_line' id='line_1_41' title="bbox 743 3414 1255 3481; baseline 0.004 -17"><span class='ocrx_word' id='word_1_386' title='bbox 743 3414 868 3465; x_wconf 79' lang='lat' dir='ltr'><strong>cecidisse</strong></span> <span class='ocrx_word' id='word_1_387' title='bbox 885 3415 1036 3467; x_wconf 81' lang='lat' dir='ltr'><strong>uideantur.</strong></span> <span class='ocrx_word' id='word_1_388' title='bbox 1053 3445 1086 3454; x_wconf 88' lang='lat'><strong>—-</strong></span> <span class='ocrx_word' id='word_1_389' title='bbox 1104 3431 1255 3481; x_wconf 77' lang='lat' dir='ltr'><strong>magnaque</strong></span> 
     </span>
     <span class='ocr_line' id='line_1_42' title="bbox 743 3482 1255 3549; baseline 0.002 -17"><span class='ocrx_word' id='word_1_390' title='bbox 743 3499 778 3533; x_wconf 72' lang='lat' dir='ltr'><strong>ece</strong></span> <span class='ocrx_word' id='word_1_391' title='bbox 785 3487 867 3547; x_wconf 79' lang='lat' dir='ltr'><strong>parte</strong></span> <span class='ocrx_word' id='word_1_392' title='bbox 878 3511 913 3519; x_wconf 91' lang='lat'><strong>—</strong></span> <span class='ocrx_word' id='word_1_393' title='bbox 925 3482 1038 3545; x_wconf 79' lang='lat' dir='ltr'><strong>confido.</strong></span> <span class='ocrx_word' id='word_1_394' title='bbox 1060 3484 1093 3534; x_wconf 90' lang='lat' dir='ltr'><strong>Er</strong></span> <span class='ocrx_word' id='word_1_395' title='bbox 1104 3483 1178 3549; x_wconf 82' lang='lat' dir='ltr'><strong>hofst,</strong></span> <span class='ocrx_word' id='word_1_396' title='bbox 1191 3482 1255 3548; x_wconf 84' lang='lat' dir='ltr'><strong>dass,</strong></span> 
     </span>
    </p>
   </div>
   <div class='ocr_carea' id='block_1_4' title="bbox 181 3412 692 3531">
    <p class='ocr_par' dir='ltr' id='par_1_10' title="bbox 181 3412 692 3531">
     <span class='ocr_line' id='line_1_43' title="bbox 181 3412 692 3478; baseline 0.006 -17"><span class='ocrx_word' id='word_1_397' title='bbox 181 3413 253 3476; x_wconf 78' lang='lat' dir='ltr'><strong>tuog.</strong></span> <span class='ocrx_word' id='word_1_398' title='bbox 270 3439 304 3448; x_wconf 89' lang='lat'>—</span> <span class='ocrx_word' id='word_1_399' title='bbox 326 3413 478 3463; x_wconf 73' lang='lat' dir='ltr'><strong>huiusmodi</strong></span> <span class='ocrx_word' id='word_1_400' title='bbox 500 3428 557 3462; x_wconf 81' lang='lat' dir='ltr'><strong>ree:</strong></span> <span class='ocrx_word' id='word_1_401' title='bbox 583 3412 692 3478; x_wconf 81' lang='lat' dir='ltr'><strong>‹lerglei-</strong></span> 
     </span>
     <span class='ocr_line' id='line_1_44' title="bbox 182 3478 692 3531; baseline 0.002 -2"><span class='ocrx_word' id='word_1_402' title='bbox 182 3478 248 3530; x_wconf 91' lang='lat' dir='ltr'><strong>chen</strong></span> <span class='ocrx_word' id='word_1_403' title='bbox 264 3479 433 3531; x_wconf 87' lang='lat' dir='ltr'><strong>menterische</strong></span> <span class='ocrx_word' id='word_1_404' title='bbox 446 3479 533 3531; x_wconf 80' lang='lat' dir='ltr'><strong>Plaiue.</strong></span> <span class='ocrx_word' id='word_1_405' title='bbox 552 3509 585 3518; x_wconf 99' lang='lat'>-</span> <span class='ocrx_word' id='word_1_406' title='bbox 603 3485 692 3531; x_wconf 82' lang='lat' dir='ltr'><strong>tenen-</strong></span> 
     </span>
    </p>
   </div>
   <div class='ocr_carea' id='block_1_5' title="bbox 181 3549 694 3949">
    <p class='ocr_par' dir='ltr' id='par_1_11' title="bbox 181 3549 694 3949">
     <span class='ocr_line' id='line_1_45' title="bbox 183 3549 693 3617; baseline 0.008 -20"><span class='ocrx_word' id='word_1_407' title='bbox 183 3552 243 3597; x_wconf 80' lang='lat' dir='ltr'><strong>tur:</strong></span> <span class='ocrx_word' id='word_1_408' title='bbox 268 3549 434 3612; x_wconf 75' lang='lat' dir='ltr'><strong>retinentur,</strong></span> <span class='ocrx_word' id='word_1_409' title='bbox 459 3550 638 3617; x_wconf 63' lang='lat' dir='ltr'><strong>continentur.</strong></span> <span class='ocrx_word' id='word_1_410' title='bbox 669 3551 693 3612; x_wconf 88' lang='grc'><strong>3,</strong></span> 
     </span>
     <span class='ocr_line' id='line_1_46' title="bbox 185 3613 694 3681; baseline 0.002 -16"><span class='ocrx_word' id='word_1_411' title='bbox 185 3617 242 3677; x_wconf 80' lang='lat' dir='ltr'><strong>tot,</strong></span> <span class='ocrx_word' id='word_1_412' title='bbox 263 3617 289 3674; x_wconf 89' lang='lat'><strong>1;</strong></span> <span class='ocrx_word' id='word_1_413' title='bbox 315 3613 382 3666; x_wconf 84' lang='lat' dir='ltr'><strong>B.G.</strong></span> <span class='ocrx_word' id='word_1_414' title='bbox 401 3618 425 3677; x_wconf 81' lang='lat' dir='ltr'><strong>t,</strong></span> <span class='ocrx_word' id='word_1_415' title='bbox 444 3617 485 3680; x_wconf 81' lang='lat'><strong>22,</strong></span> <span class='ocrx_word' id='word_1_416' title='bbox 503 3619 527 3668; x_wconf 88' lang='grc'><strong>4.</strong></span> <span class='ocrx_word' id='word_1_417' title='bbox 545 3643 580 3654; x_wconf 94' lang='lat'><em>-</em></span> <span class='ocrx_word' id='word_1_418' title='bbox 598 3618 694 3681; x_wconf 71' lang='lat' dir='ltr'><strong>quibus</strong></span> 
     </span>
     <span class='ocr_line' id='line_1_47' title="bbox 181 3680 694 3736; baseline 0.008 -4"><span class='ocrx_word' id='word_1_419' title='bbox 181 3684 267 3733; x_wconf 80' lang='lat' dir='ltr'><strong>rebus.</strong></span> <span class='ocrx_word' id='word_1_420' title='bbox 303 3680 363 3734; x_wconf 87' lang='lat' dir='ltr'><strong>Mau</strong></span> <span class='ocrx_word' id='word_1_421' title='bbox 386 3683 485 3734; x_wconf 72' lang='lat' dir='ltr'><strong>schimt</strong></span> <span class='ocrx_word' id='word_1_422' title='bbox 506 3683 558 3735; x_wconf 89' lang='lat' dir='ltr'><strong>und</strong></span> <span class='ocrx_word' id='word_1_423' title='bbox 582 3683 694 3736; x_wconf 79' lang='lat' dir='ltr'><strong>inrehtet</strong></span> 
     </span>
     <span class='ocr_line' id='line_1_48' title="bbox 183 3749 693 3816; baseline 0.006 -15"><span class='ocrx_word' id='word_1_424' title='bbox 183 3750 237 3802; x_wconf 85' lang='lat' dir='ltr'><strong>siclt</strong></span> <span class='ocrx_word' id='word_1_425' title='bbox 256 3750 383 3816; x_wconf 78' lang='lat' dir='ltr'><strong>weniger,</strong></span> <span class='ocrx_word' id='word_1_426' title='bbox 403 3755 483 3803; x_wconf 82' lang='lat' dir='ltr'><strong>etwas</strong></span> <span class='ocrx_word' id='word_1_427' title='bbox 501 3749 642 3804; x_wconf 85' lang='lat' dir='ltr'><strong>Unrechtes</strong></span> <span class='ocrx_word' id='word_1_428' title='bbox 661 3767 693 3804; x_wconf 82' lang='lat' dir='ltr'><strong>zu</strong></span> 
     </span>
     <span class='ocr_line' id='line_1_49' title="bbox 182 3818 692 3936; baseline 0.012 -68"><span class='ocrx_word' id='word_1_429' title='bbox 182 3818 255 3936; x_wconf 69' lang='lat' dir='ltr'><strong>tshum</strong></span> <span class='ocrx_word' id='word_1_430' title='bbox 273 3833 349 3870; x_wconf 82' lang='lat' dir='ltr'><strong>wenu</strong></span> <span class='ocrx_word' id='word_1_431' title='bbox 363 3833 391 3871; x_wconf 92' lang='lat' dir='ltr'><strong>es</strong></span> <span class='ocrx_word' id='word_1_432' title='bbox 408 3819 480 3872; x_wconf 87' lang='lat' dir='ltr'><strong>nicht</strong></span> <span class='ocrx_word' id='word_1_433' title='bbox 491 3819 608 3872; x_wconf 81' lang='lat' dir='ltr'><strong>bemerlrt</strong></span> <span class='ocrx_word' id='word_1_434' title='bbox 619 3819 692 3874; x_wconf 78' lang='lat' dir='ltr'><strong>wind.</strong></span> 
     </span>
     <span class='ocr_line' id='line_1_50' title="bbox 203 3889 353 3949; baseline 0.02 -12"><span class='ocrx_word' id='word_1_435' title='bbox 203 3926 209 3937; x_wconf 89' lang='lat'><strong>.</strong></span> <span class='ocrx_word' id='word_1_436' title='bbox 231 3889 251 3948; x_wconf 92' lang='lat' dir='ltr'><strong>l,</strong></span> <span class='ocrx_word' id='word_1_437' title='bbox 270 3889 311 3949; x_wconf 83' lang='lat'><strong>67,</strong></span> <span class='ocrx_word' id='word_1_438' title='bbox 330 3890 353 3940; x_wconf 86' lang='grc'><strong>4.</strong></span> 
     </span>
    </p>
   </div>
   <div class='ocr_carea' id='block_1_6' title="bbox 745 3551 1257 3957">
    <p class='ocr_par' dir='ltr' id='par_1_12' title="bbox 745 3551 1257 3957">
     <span class='ocr_line' id='line_1_51' title="bbox 745 3551 1256 3616; baseline 0.004 -16"><span class='ocrx_word' id='word_1_439' title='bbox 745 3565 822 3601; x_wconf 82' lang='lat' dir='ltr'><strong>wenu</strong></span> <span class='ocrx_word' id='word_1_440' title='bbox 840 3565 867 3602; x_wconf 95' lang='lat' dir='ltr'><strong>er</strong></span> <span class='ocrx_word' id='word_1_441' title='bbox 884 3551 930 3602; x_wconf 85' lang='lat' dir='ltr'><strong>mit</strong></span> <span class='ocrx_word' id='word_1_442' title='bbox 948 3551 997 3603; x_wconf 89' lang='lat' dir='ltr'><strong>den</strong></span> <span class='ocrx_word' id='word_1_443' title='bbox 1015 3551 1153 3616; x_wconf 87' lang='lat' dir='ltr'><strong>Soldaten,</strong></span> <span class='ocrx_word' id='word_1_444' title='bbox 1177 3552 1256 3603; x_wconf 86' lang='lat' dir='ltr'><strong>deren</strong></span> 
     </span>
     <span class='ocr_line' id='line_1_52' title="bbox 745 3617 1256 3685; baseline 0.002 -17"><span class='ocrx_word' id='word_1_445' title='bbox 745 3618 832 3669; x_wconf 87' lang='lat' dir='ltr'><strong>wahre</strong></span> <span class='ocrx_word' id='word_1_446' title='bbox 850 3617 1000 3685; x_wconf 79' lang='lat' dir='ltr'><strong>Gesinnung</strong></span> <span class='ocrx_word' id='word_1_447' title='bbox 1022 3621 1088 3672; x_wconf 87' lang='lat' dir='ltr'><strong>noch</strong></span> <span class='ocrx_word' id='word_1_448' title='bbox 1110 3620 1181 3671; x_wconf 91' lang='lat' dir='ltr'><strong>nicht</strong></span> <span class='ocrx_word' id='word_1_449' title='bbox 1196 3619 1256 3670; x_wconf 82' lang='lat' dir='ltr'><strong>&#39;klar</strong></span> 
     </span>
     <span class='ocr_line' id='line_1_53' title="bbox 745 3685 1255 3754; baseline 0 -17"><span class='ocrx_word' id='word_1_450' title='bbox 745 3685 853 3738; x_wconf 85' lang='lat' dir='ltr'><strong>erlmnnt</strong></span> <span class='ocrx_word' id='word_1_451' title='bbox 882 3702 949 3753; x_wconf 86' lang='lat' dir='ltr'><strong>war,</strong></span> <span class='ocrx_word' id='word_1_452' title='bbox 982 3689 1140 3754; x_wconf 79' lang='lat' dir='ltr'><strong>gespracheu</strong></span> <span class='ocrx_word' id='word_1_453' title='bbox 1170 3687 1255 3739; x_wconf 84' lang='lat' dir='ltr'><strong>haben</strong></span> 
     </span>
     <span class='ocr_line' id='line_1_54' title="bbox 745 3754 1257 3822; baseline -0.002 -16"><span class='ocrx_word' id='word_1_454' title='bbox 745 3754 846 3820; x_wconf 72' lang='lat' dir='ltr'><strong>wiardo,</strong></span> <span class='ocrx_word' id='word_1_455' title='bbox 878 3771 907 3808; x_wconf 93' lang='lat' dir='ltr'><strong>er</strong></span> <span class='ocrx_word' id='word_1_456' title='bbox 934 3755 1033 3808; x_wconf 84' lang='lat' dir='ltr'><strong>alsbald</strong></span> <span class='ocrx_word' id='word_1_457' title='bbox 1062 3756 1179 3822; x_wconf 79' lang='lat' dir='ltr'><strong>zugleich</strong></span> <span class='ocrx_word' id='word_1_458' title='bbox 1209 3755 1257 3806; x_wconf 86' lang='lat' dir='ltr'><strong>mit</strong></span> 
     </span>
     <span class='ocr_line' id='line_1_55' title="bbox 745 3822 1255 3888; baseline 0.004 -16"><span class='ocrx_word' id='word_1_459' title='bbox 745 3822 822 3874; x_wconf 89' lang='lat' dir='ltr'><strong>ihnen</strong></span> <span class='ocrx_word' id='word_1_460' title='bbox 840 3823 904 3875; x_wconf 86' lang='lat' dir='ltr'><strong>r&#39;tber</strong></span> <span class='ocrx_word' id='word_1_461' title='bbox 920 3823 980 3888; x_wconf 85' lang='lat' dir='ltr'><strong>das,</strong></span> <span class='ocrx_word' id='word_1_462' title='bbox 1005 3839 1060 3875; x_wconf 84' lang='lat' dir='ltr'><strong>was</strong></span> <span class='ocrx_word' id='word_1_463' title='bbox 1079 3839 1110 3874; x_wconf 81' lang='lat' dir='ltr'><strong>zu</strong></span> <span class='ocrx_word' id='word_1_464' title='bbox 1129 3823 1193 3876; x_wconf 91' lang='lat' dir='ltr'><strong>thun</strong></span> <span class='ocrx_word' id='word_1_465' title='bbox 1211 3823 1255 3887; x_wconf 85' lang='lat' dir='ltr'><strong>ist,</strong></span> 
     </span>
     <span class='ocr_line' id='line_1_56' title="bbox 745 3890 1256 3957; baseline 0.002 -16"><span class='ocrx_word' id='word_1_466' title='bbox 745 3890 903 3957; x_wconf 77' lang='lat' dir='ltr'><strong>wenigstens</strong></span> <span class='ocrx_word' id='word_1_467' title='bbox 919 3891 946 3942; x_wconf 89' lang='lat' dir='ltr'><strong>in</strong></span> <span class='ocrx_word' id='word_1_468' title='bbox 964 3891 1009 3944; x_wconf 87' lang='lat' dir='ltr'><strong>der</strong></span> <span class='ocrx_word' id='word_1_469' title='bbox 1023 3891 1194 3957; x_wconf 83' lang='lat' dir='ltr'><strong>Hauptsaelre,</strong></span> <span class='ocrx_word' id='word_1_470' title='bbox 1213 3891 1256 3942; x_wconf 87' lang='lat' dir='ltr'><strong>ein</strong></span> 
     </span>
    </p>
   </div>
   <div class='ocr_carea' id='block_1_7' title="bbox 0 0 1318 4416">
    <p class='ocr_par' dir='ltr' id='par_1_13' title="bbox 0 0 1318 4416">
     <span class='ocr_line' id='line_1_57' title="bbox 0 0 1318 4416; baseline 0 1"><span class='ocrx_word' id='word_1_471' title='bbox 0 0 1318 4416; x_wconf 95' lang='lat' dir='ltr'><strong> </strong></span> 
     </span>
    </p>
   </div>
  </div>
 </body>
</html>
