2626 4416
531 222 570 276 ΙΙΙ.
590 225 700 277 66463.
1093 221 1152 282 197

165 390 224 458 dt.
248 395 361 467 Quibus
376 394 424 455 ille
441 396 567 476 cognitis
582 396 805 476 eruptionisque
825 396 881 456 iam
898 408 1065 478 antecapto
1080 419 1153 460 cou-

81 480 156 551 silio‚
179 489 212 539 nt
227 481 459 541 demonstratum
475 490 528 554 est,
544 482 704 560 tegimenta
718 482 809 560 galeis
824 482 930 543 milites
945 503 980 544 ex
995 483 1154 545 viminibus

82 567 178 625 lacere
193 574 279 644 atque
294 583 432 644 aggerem
449 565 531 625 iubet
552 575 747 645 comportare.
785 566 837 627 llis
852 568 961 648 paratis
979 569 1069 629 rebus
1091 588 1153 628 ma·
1175 579 1190 629 2

81 668 173 729 gnum
202 668 361 710 numerum
383 650 453 710 levis
475 660 640 712 armaturae
662 660 691 711 et
712 652 928 731 sagittariorum
956 671 1152 733 aggeremque

82 753 200 795 omnem
223 745 314 797 noctu
330 736 361 796 in
377 737 500 815 scaphas
515 745 545 796 et
560 753 648 797 nares
662 738 807 798 actuarias
821 737 947 817 imponit
961 748 991 799 et
1005 740 1041 800 de
1056 739 1152 800 media

81 829 168 880 nocte
191 821 327 882 cohortes
343 840 380 880 cx
394 840 429 881 ex
444 821 579 882 maximis
596 821 701 883 castris
722 822 935 901 praesidiisque
956 823 1095 884 deductas
1116 825 1152 884 ad

80 915 275 985 campartem
289 904 490 966 munitionum
505 907 600 979 ducit,
624 926 699 986 quae
715 907 881 986 pertinebat
896 908 931 968 ad
946 927 1026 968 mare
1041 909 1153 987 longis-

81 991 213 1068 simeque
228 1010 243 1049 a
259 990 391 1051 maximis
410 991 513 1052 castris
530 991 661 1053 Caesaris
676 991 786 1053 aberat.
817 992 929 1053 Eodem
952 1011 1058 1065 naues,
1082 1013 1154 1072 quas
1174 1005 1189 1054 3

81 1075 345 1136 demonstravimus
367 1095 473 1155 aggere
497 1085 526 1136 et
540 1077 611 1138 levis
633 1085 798 1138 armaturae
820 1077 961 1138 militibus
982 1078 1152 1157 completas,

81 1178 213 1238 quasque
229 1161 264 1219 ad
279 1161 492 1240 Dyrrhachium
509 1180 597 1222 naves
612 1163 715 1242 longas
729 1161 865 1237 habehat,
880 1162 968 1224 mittit
983 1172 1026 1236 et,
1051 1164 1120 1241 quid
1136 1182 1153 1223 a

80 1262 200 1322 quoque
210 1245 274 1305 fieri
287 1245 364 1318 velit,
380 1247 532 1325 praecipit.
562 1248 605 1307 ld
617 1267 665 1309 eas
676 1248 859 1308 munitiones
874 1247 980 1309 Caesar
994 1247 1154 1308 Lentulum
1175 1259 1191 1309 4

80 1329 282 1389 Marcellinum
313 1340 500 1408 quaestorem
527 1350 597 1393 cum
619 1333 737 1412 legione
765 1351 845 1393 nona
866 1333 994 1412 positum
1017 1333 1153 1395 babebat.

79 1414 165 1487 Huic,
181 1414 261 1493 quod
274 1415 441 1478 valetudine
456 1417 555 1479 minus
566 1419 723 1479 commoda
737 1417 884 1491 utebatur,
900 1417 1036 1478 Fulvium
1047 1419 1153 1481 Postu-

79 1517 161 1559 mum
175 1501 339 1561 adiutorem
354 1502 549 1562 summiserat.

164 1581 223 1648 63.
247 1585 318 1645 Erat
332 1604 368 1646 eo
383 1586 449 1646 loco
472 1587 549 1648 fossa
571 1588 680 1666 pedum
695 1607 731 1648 xv
745 1597 775 1648 et
789 1587 897 1647 vallum
911 1597 1016 1647 contra
1038 1588 1154 1648 hostem

80 1670 111 1729 in
124 1669 308 1730 altitudinem
322 1671 432 1749 pedum
446 1691 480 1744 x,
495 1672 728 1750 tantundemque
745 1673 808 1733 eius
822 1671 888 1732 valli
904 1690 994 1751 agger
1009 1673 1039 1732 in
1056 1672 1153 1732 latitu-

80 1754 181 1814 dinem
195 1755 327 1835 patebat:
343 1755 428 1817 abeo
444 1756 613 1818 intermisso
628 1757 722 1836 spatio
737 1759 847 1837 pedum
858 1776 894 1817 nc
906 1758 979 1818 alter
993 1776 1156 1818 conversus
1176 1769 1192 1818 2

80 1840 111 1899 iu
128 1840 306 1901 contrariam
317 1851 432 1920 partem
444 1849 506 1901 erat
517 1842 608 1902 vallus
619 1841 776 1902 humiliore
787 1842 874 1922 paulo
886 1842 1061 1903 munitione.
1092 1843 1156 1903 Hoc
1176 1853 1191 1902 3

80 1925 160 1985 enim
175 1926 378 2005 superioribus
393 1925 495 1986 diebus
516 1927 624 1986 timens
640 1925 761 2000 Caesar,
785 1945 824 1986 ne
840 1928 963 1988 navibus
985 1928 1080 1988 nostri
1095 1929 1154 1989 cir-

80 2010 333 2086 cumvenirentur,
348 2010 496 2091 duplicem
511 2030 546 2071 eo
562 2012 628 2072 loco
650 2013 760 2072 lecerat
775 2012 897 2086 vallum,
920 2022 967 2086 ut,
990 2013 1014 2073 si
1033 2013 1154 2093 ancipiti

78 2094 193 2175 proelio
215 2095 420 2166 dimicaretur,
442 2105 541 2176 posset
562 2097 668 2158 resisti.
706 2097 765 2158 Sed
788 2116 913 2178 operum
931 2098 1103 2177 magnitudo
1127 2107 1191 2159 ott

79 2181 238 2242 continens
253 2181 387 2242 omnium
402 2181 517 2243 dierum
531 2181 623 2257 labor,
638 2182 719 2261 quod
733 2182 812 2244 milia
827 2202 967 2263 passuum
982 2183 1012 2244 iu
1029 2183 1153 2245 circuitu

80 2348 102 2384 c.
115 2334 156 2393 ta,
170 2333 194 2383 2.
212 2360 245 2369 -
262 2334 327 2382 baec
346 2335 448 2397 omnia,
466 2333 531 2385 nach
550 2348 593 2383 co·
643 2332 714 2384 eines
732 2331 829 2384 Wnlles
842 2349 898 2384 uon
918 2336 950 2384 13
968 2332 994 2384 F.
1014 2332 1093 2395 Habe,
1114 2333 1154 2385 ldr

77 2403 162 2465 gattis
180 2403 301 2452 omnibus
311 2403 392 2451 rebus
409 2400 454 2452 aul
469 2400 510 2452 die
522 2417 554 2452 zu
569 2405 592 2465 1,
643 2402 718 2452 einen
727 2399 826 2452 Graben
839 2414 890 2452 von
907 2399 974 2453 181².
986 2399 1071 2453 Breite
1083 2401 1154 2453 eines

80 2470 121 2531 36,
139 2472 154 2518 t
179 2468 354 2535 besprochene
375 2468 525 2521 Redeweise
547 2485 592 2521 zu·
642 2467 741 2520 Walles
750 2484 801 2519 von
814 2470 844 2520 12
854 2467 881 2522 F.
891 2468 963 2520 Habe
973 2467 1047 2529 (B.G.
1056 2471 1080 2532 2,
1089 2472 1153 2532 5,6).

79 2535 274 2588 rdckzusdbren.
642 2535 688 2588 Die
706 2535 820 2587 Breite
838 2535 883 2586 des
896 2535 994 2587 Walles
1010 2551 1069 2601 mag
1086 2535 1155 2587 daun

114 2601 162 2655 62.
185 2606 207 2654 1.
232 2603 333 2666 Quoue
351 2604 397 2654 ille
414 2607 543 2668 cognitis:
568 2620 590 2658 c.
642 2604 669 2655 iu
692 2603 737 2655 der
754 2602 835 2668 Regel
858 2603 903 2655 der
924 2603 996 2654 lldbe
1019 2603 1154 2655 desselben

83 2671 123 2732 ta,
138 2673 207 2720 1.-
223 2673 372 2736 eruptionis
386 2698 419 2708 -
435 2677 513 2736 capto
530 2688 592 2722 con·
642 2671 767 2736 ungesahr
784 2670 870 2736 gleich
889 2671 1105 2736 [tantundemque
1121 2700 1154 2708 -

79 2736 156 2787 silio:
171 2752 193 2789 c.
208 2740 248 2798 58,
263 2741 287 2790 5.
310 2736 343 2788 Er
360 2737 459 2801 wollte,
477 2754 520 2789 nm
537 2739 593 2790 sich
639 2741 761 2804 patebat]
780 2738 842 2790 oder
864 2742 945 2790 etwas
963 2738 1061 2804 gretser
1078 2754 1155 2805 ange-

80 2819 133 2855 ron
150 2803 195 2856 der
212 2803 328 2856 Bloltade
345 2820 378 2855 zu
396 2806 523 2867 belreim,
547 2807 593 2858 Ci-
643 2821 762 2859 notamen
780 2806 887 2859 worden
904 2807 974 2858 sein’.
1009 2806 1126 2859 unstow.

80 2888 135 2924 sars
148 2871 235 2924 Liuien
253 2872 453 2926 durebbrechen.
470 2902 504 2911 -
525 2879 593 2940 tegi·
678 2879 702 2928 2.
719 2892 862 2927 cononem
873 2877 903 2925 in
915 2877 1081 2926 contrariam
1089 2890 1155 2939 par·

79 2946 208 2992 ntenta-
220 2957 255 2992 esc
267 2943 411 2992 viminibus
422 2941 520 3002 facere.
538 2942 593 2996 Ilen
645 2949 704 3008 tcto,
717 2943 772 2995 also
785 2944 842 2995 eine
855 2941 1155 2995 Circumvallationslinie

79 3010 174 3061 Zueck
192 3009 276 3062 dieser
290 3008 426 3076 Malsregel
445 3027 465 3063 s.
478 3026 499 3061 c.
513 3014 555 3074 63,
568 3016 592 3065 t.
643 3013 670 3075 (ξ
681 3016 696 3064 6
709 3014 829 3062 extortor
841 3013 938 3074 cattus)
956 3011 1022 3062 uach
1033 3010 1078 3062 der
1090 3008 1156 3062 de-

78 3107 112 3116 --
134 3093 278 3144 agger-orn:
303 3077 419 3130 Moterial
445 3094 504 3130 zum
528 3079 593 3131 hus·
644 3079 710 3130 seite
719 3095 760 3141 zu,
769 3078 810 3129 lnr
819 3078 868 3130 den
878 3079 942 3143 Feli,
952 3078 1007 3130 deis
1016 3076 1154 3144 Pompeius

79 3146 160 3199 ltillen
179 3147 224 3199 der
242 3147 397 3199 leindlichen
415 3145 524 3199 Grbben.
646 3145 704 3198 dort
721 3146 829 3206 landen,
847 3146 888 3199 die
906 3146 1092 3198 cisarianische
1109 3145 1155 3197 Le-

113 3217 137 3266 2.
155 3231 284 3280 mgnum
299 3232 371 3267 oum.
390 3216 456 3266 lenis
471 3221 593 3267 cannatu-
644 3215 705 3280 gion
730 3214 785 3266 also
803 3229 854 3265 von
873 3215 917 3267 der
934 3213 1013 3267 Front
1036 3214 1088 3267 und
1111 3231 1155 3266 zu-

79 3298 141 3331 roe:
160 3285 184 3343 2,
201 3287 242 3344 34.
257 3288 280 3336 3.
294 3311 327 3323 -
340 3299 421 3335 naves
439 3286 593 3336 actuarias:
643 3282 728 3348 gleieb
740 3281 776 3332 im
787 3281 894 3334 Rdclren
906 3285 1032 3348 (occupati
1039 3282 1154 3348 proelio}

80 3347 106 3398 S.
125 3365 156 3398 zu
178 3353 199 3411 1,
213 3352 254 3412 tt,
267 3356 290 3404 6.
310 3379 340 3389 -
359 3353 396 3403 od
411 3369 470 3404 cam
483 3358 592 3419 portem
642 3349 773 3416 angreilen
791 3350 1039 3414 nilide-cattus,
1057 3351 1155 3416 cigent»

78 3419 275 3467 monitionum:
292 3418 414 3472 Caesaris.
443 3421 478 3473 Es
495 3423 530 3473 ist
547 3421 592 3472 der
642 3419 693 3471 licb
711 3418 753 3471 die
771 3417 912 3484 Pallisade‚
936 3419 990 3470 bier
1007 3418 1058 3470 wie
1079 3419 1155 3468 nach·

78 3483 150 3536 liulte
166 3484 258 3550 Fldgel
276 3486 395 3551 gemeint.
643 3487 689 3538 ber
706 3489 723 3550 ,3
742 3490 767 3552 3,
784 3491 800 3539 3
819 3504 843 3539 u.
862 3492 887 3549 6,
905 3487 957 3540 und
973 3486 1003 3538 Β.
1016 3487 1088 3537 Alex.
1102 3488 1156 3548 2,4

113 3550 408 3618 d3·1.foesopedum
422 3555 478 3607 XV.
516 3559 547 3607 15
562 3554 590 3607 F.
642 3554 770 3606 kollektiv
793 3554 834 3608 die
852 3554 1105 3622 Verpallisodleruug
1121 3577 1156 3597 =

80 3621 155 3673 breit.
168 3649 199 3658 —-
213 3620 315 3671 vallum
326 3648 360 3660 -
370 3625 400 3671 in
412 3622 482 3673 altit.
493 3621 591 3686 pedum
642 3623 752 3686 callum,
769 3623 793 3674 d.
803 3623 821 3676 i.
833 3623 879 3676 der
894 3624 942 3675 mit
953 3621 1099 3674 Pallisndeu
1111 3621 1156 3671 be·

78 3688 590 3754 X.‘DiegewdhnlicbeWnllbdbe
642 3689 821 3745 sctzteWall.

78 3757 171 3824 betrng
186 3756 399 3808 wahrscheinlicb
417 3755 450 3820 'la
468 3756 512 3808 der
529 3758 591 3809 obe·
676 3761 700 3810 3.
718 3758 783 3821 Hoc,
801 3757 847 3809 das
865 3757 927 3822 lolg.
946 3774 1030 3806 oe-
1042 3759 1156 3807 circum-

80 3839 124 3876 ren
137 3824 326 3877 Grabeubreite.
363 3823 398 3877 So
417 3825 533 3876 erwfibnt
545 3825 591 3877 Gd-
641 3828 801 3876 venerentur
818 3824 964 3878 eiuleitend.

80 3894 255 3945 serzneinem
265 3892 425 3945 Grnheuron
437 3890 591 3945 tenerent
676 3897 700 3946 4.
726 3893 803 3943 cattia
827 3908 954 3959 pascuum
972 3892 1057 3943 XVII.
1096 3891 1154 3944 blan
