2626 4416
184 243 245 304 142
532 247 575 299 llll
593 245 695 298 BELLO
713 245 805 299 GlVlLl
821 248 848 300 ll.
867 250 909 300 44.

182 423 253 496 liae,
277 421 328 502 qui
349 430 400 481 aut
420 420 514 498 gratia
535 428 586 480 aut
607 418 805 480 misericordia
819 418 953 480 valerent
974 426 1024 479 aut
1038 437 1126 479 naves
1146 418 1257 480 adnare

183 514 315 587 possent,
330 497 443 584 re'cepti
454 505 486 565 in
499 504 627 565 Siciliam
643 504 807 566 incolumes
821 503 1021 584 pervenirent.
1051 503 1192 582 Reliquae
1205 523 1257 565 co-

182 594 248 671 piae
270 591 366 651 missis
387 589 422 649 ad
444 590 553 650 Varum
577 599 668 650 noctu
689 590 852 668 legatomm
876 608 1001 651 numero
1029 588 1257 651 centurionibus

145 682 161 732 2
181 696 246 738 sese
261 677 289 736 ei
303 674 487 737 dediderunt.
525 674 657 745 Quarum
680 675 845 736 cohortium
860 675 968 736 milites
982 683 1103 754 postero
1124 675 1171 735 die
1186 683 1256 735 ante

182 762 323 842 oppidum
344 759 416 820 luba
436 759 627 838 conspicatus
648 777 731 820 suam
753 777 816 820 esse
839 760 1013 839 praedicans
1033 760 1174 838 praedam
1193 777 1256 820 ma·

181 865 268 926 gnam
290 852 405 925 partem
421 863 524 906 eorum
546 845 673 905 interfici
688 844 790 918 iussit,
809 862 920 922 paucos
943 845 1051 905 eleetos
1073 844 1104 904 in
1128 862 1256 923 regnum

180 931 305 1005 remisit,
330 947 397 991 cum
418 928 511 991 Varus
533 947 615 991 suam
639 930 728 990 iidem
749 927 785 988 ab
808 947 843 989 eo
858 929 934 990 laedi
957 936 1134 1008 quereretur
1156 947 1257 1007 neque

143 1023 158 1071 3
180 1016 317 1077 resistere
339 1016 467 1075 auderet..
504 1015 571 1094 lpse
585 1032 662 1092 equo
677 1015 708 1075 in
725 1014 866 1092 oppidum
882 1022 981 1076 vectus
1003 1013 1255 1093 prosequentibus

180 1101 381 1180 compluribus
402 1099 602 1173 senatoribus,
627 1117 687 1178 quo
703 1099 733 1159 in
757 1117 881 1159 numero
897 1107 960 1160 erat
974 1099 1038 1160 Ser.
1055 1098 1204 1177 Sulpicius
1226 1106 1256 1159 et

179 1186 310 1246 licinius
326 1185 533 1264 Damasippus
556 1185 674 1263 paucis,
697 1201 772 1262 quae
787 1184 852 1243 lieri
866 1184 966 1258 uellet,
982 1184 1084 1245 Uticae
1099 1183 1255 1244 constituit

178 1280 267 1349 atque
279 1269 432 1349 imperavit
445 1269 608 1347 diebusque
619 1278 686 1347 post
697 1268 799 1348 paucis
810 1287 841 1330 se
853 1269 883 1329 in
896 1287 1022 1348 regnum
1034 1287 1102 1330 cum
1114 1266 1255 1329 omnibus

179 1355 273 1434 copiis
287 1355 407 1434 recepit.

178 1516 211 1525 —
221 1490 334 1553 gratia:
352 1487 442 1550 Gunst,
460 1488 486 1538 in
504 1486 549 1538 der
566 1487 603 1539 sie
620 1492 689 1540 stan·
740 1489 908 1540 senatoribus
924 1503 949 1540 u.
963 1502 983 1538 s.
999 1501 1032 1538 w.
1051 1487 1120 1551 zeigt
1137 1485 1183 1537 das
1201 1483 1255 1538 Uu-

179 1555 235 1606 den.
254 1555 503 1605 -misere'oordia:
520 1553 627 1621 lilitleid,
643 1555 688 1607 das
740 1557 856 1622 wurdige
886 1554 931 1607 der
960 1555 1042 1606 einem
1071 1552 1252 1605 barbarischeu

178 1623 689 1757 sie{libitia{ti²23{asili'’i“ii'
740 1620 1252 1756 ltltuttllttttllldladt

178 1759 235 1825 frigi
246 1760 313 1812 noch
324 1760 415 1811 hinnu:
433 1758 493 1810 τῶν
504 1731 688 1824 ἀναχθεψέων
740 1759 964 1826 haltuugsbeiehle
981 1759 1044 1825 gab,
1067 1773 1122 1809 was
1144 1756 1253 1809 treffend

177 1825 205 1878 οἱ
220 1832 335 1896 ἑμποροι
352 1823 414 1878 τούς
434 1823 547 1879 πολλοὺς
564 1822 689 1894 χρήματα
740 1828 819 1881 durch
826 1827 1095 1894 paucis(breviter),
1109 1841 1177 1891 quae
1188 1824 1252 1887 fieri

177 1896 310 1965 ’φέροντας
326 1895 406 1946 ἕνεκα
422 1894 482 1946 τῶν
498 1891 645 1966 χρημάτων
663 1897 689 1947 ds
739 1897 818 1947 vellet
838 1898 979 1947 constituit
1003 1897 1043 1958 (so
1070 1909 1122 1946 von
1144 1893 1253 1959 Nipper-

176 1959 228 2026 τὴν
239 1959 388 2014 θάλασσαν
399 1963 553 2034 ἐρῥίπτονν.
566 1993 600 2001 -
617 1965 688 2030 lega·
740 1964 790 2032 dey
812 1964 963 2029 bergestellt
990 1965 1053 2015 statt
1075 1964 1175 2028 paucis
1197 1962 1251 2012 die·

177 2035 266 2082 torum
274 2046 385 2081 numero
395 2057 429 2076 =
442 2031 507 2082 loeo.
519 2026 557 2082 Β.
569 2031 597 2083 G.
611 2036 634 2095 5,
645 2035 686 2096 27,
739 2035 798 2094 bus)
815 2031 966 2084 bezeichnet
978 2030 1050 2082 wird.
1072 2029 1101 2081 B.
1114 2030 1167 2081 Ais.
1180 2032 1222 2093 57,
1234 2032 1251 2082 6

177 2102 206 2159 2;
225 2102 249 2163 6,
270 2101 308 2162 13,
322 2103 351 2159 7;
370 2102 411 2161 23,
429 2101 459 2151 8:
476 2102 506 2149 in
522 2100 688 2151 decertemus
738 2101 817 2152 heiist
843 2116 871 2152 er
892 2099 969 2152 bomo
995 2101 1200 2165 superbissimus
1226 2102 1254 2148 et

175 2183 288 2218 numero
305 2167 450 2218 ducamur.
738 2171 925 2220 inertissimus.
952 2167 985 2219 Er
997 2167 1085 2219 wurde
1103 2167 1143 2218 fiir
1161 2166 1250 2218 diesen

211 2237 235 2286 2.
257 2237 375 2285 remisit:
395 2232 442 2286 Die
464 2234 622 2299 gelingenen
642 2235 687 2287 Gi·
739 2231 1252 2303 SiegronPompeiusunddemRumpl-

177 2302 289 2354 sarianer
315 2316 402 2354 waren
432 2302 525 2354 vorber
554 2302 625 2354 nieht
651 2303 686 2354 im
739 2308 812 2357 senat
828 2305 855 2354 in
868 2302 1035 2356 Macedonico
1053 2303 1091 2354 als
1103 2300 1188 2367 lldnig
1205 2303 1251 2355 be·

175 2369 271 2422 Reiebe
288 2367 376 2422 Juba's
395 2384 527 2436 geuesem
546 2369 686 2422 oberJuba
768 2371 833 2436 dist,
859 2386 911 2422 von
934 2371 1011 2422 (lisar
1037 2371 1097 2422 aber
1122 2369 1175 2420 und
1199 2369 1251 2422 den

176 2437 686 2504 warvondortgekommenundkonnte
758 2443 880 2491 enatoren
898 2439 925 2489 in
942 2437 1007 2490 Rom
1025 2438 1065 2489 fiir
1082 2438 1157 2490 einen
1169 2437 1250 2489 Fcind

176 2504 231 2557 also
261 2505 332 2558 seiue
362 2506 443 2558 Beute
473 2506 549 2558 dahin
579 2507 686 2558 zuriick-
738 2507 783 2559 des
801 2507 945 2559 romischen
958 2505 1040 2558 Volks
1058 2505 1169 2566 erklirtj
1189 2505 1249 2557 Gas-

175 2569 304 2626 sebicken.
323 2572 409 2640 Vergl.
422 2590 443 2626 c.
457 2577 497 2638 38,
508 2577 536 2626 5:
554 2577 685 2640 captivos-
738 2575 791 2640 sius
809 2574 855 2627 Dio
874 2578 915 2639 41,
929 2577 970 2626 21.
1005 2575 1090 2626 Lucilli
1108 2577 1132 2638 5,
1151 2576 1191 2626 56.

175 2659 225 2708 que
237 2642 274 2698 ad
283 2657 343 2692 eum
355 2644 489 2693 reducunt
500 2642 552 2694 und
566 2647 588 2706 l,
602 2646 643 2706 24,
655 2646 684 2695 4;
774 2641 840 2696 Uber
856 2642 906 2707 die,
925 2642 975 2695 wie
993 2657 1052 2694 man
1070 2640 1184 2708 gemeint
1195 2641 1248 2705 bnt,

173 2712 313 2761 reducitur
339 2711 376 2760 ad
400 2727 459 2762 eum
485 2711 630 2776 deprensus
651 2727 686 2760 ee
737 2726 777 2762 arn
789 2711 861 2764 llnde
879 2711 924 2763 des
937 2709 1249 2774 aweitenBuchseusge-

173 2781 269 2829 itiitere
287 2777 321 2829 Ν.
333 2778 448 2844 Magius.
467 2808 501 2817 -
517 2795 594 2830 suam
605 2778 685 2840 fidem
737 2779 831 2833 [aliene
853 2779 998 2845 Erzihlung
1024 2779 1069 2830 der
1094 2776 1248 2843 Niederlage

173 2872 207 2893 =
225 2847 243 2900 1.
261 2862 276 2899 a
294 2846 431 2899 sedatam.
453 2877 479 2886 -
500 2863 685 2913 neqoe=ne
737 2846 782 2899 des
811 2846 839 2900 P.
867 2847 999 2900 Cornelius
1027 2845 1159 2898 Bolabelln
1194 2843 1247 2897 und

174 2932 224 2981 que
242 2920 338 2978 tamen,
357 2915 407 2968 wie
427 2919 449 2979 1,
464 2918 503 2978 11,
517 2917 569 2967 211.
582 2918 606 2966 ὃ.
736 2913 814 2969 Gaius
835 2915 964 2969 Antonius
990 2915 1017 2966 in
1038 2913 1141 2982 lllyrien
1168 2929 1188 2965 s.
1213 2927 1246 2964 zu

207 2986 231 3037 3.
253 2986 475 3050 prosequentibus
505 2984 685 3048 compluribus
736 2985 760 3047 3,
779 2986 794 3035 8
813 2999 835 3035 e.
853 2983 881 3036 ll.
