2626 4416
559 224 598 278 111.
617 227 658 280 36.
677 228 717 279 31.
1111 221 1173 282 177

100 399 215 480 proelio
231 400 408 475 decertaret;
432 399 498 474 sed,
515 417 583 460 cum
599 408 678 461 esset
691 399 771 459 inter
785 398 855 459 bina
869 407 964 460 castra
980 417 1102 479 campus
1118 400 1176 460 cir-

100 486 176 546 citer
190 485 301 545 milium
316 503 455 564 passuum
470 503 513 559 vr,
535 484 679 544 Domitius
694 484 798 545 castris
813 484 962 563 Scipionis
984 485 1076 545 aciem
1092 504 1175 546 suam

99 570 227 632 subiecit
233 589 241 646 ;
257 570 305 630 ille
320 570 423 631 avallo
436 588 497 629 non
513 568 665 630 discedere
681 570 886 648 perseveravit.
917 572 958 630 Ae
973 577 1070 630 tamen
1088 589 1175 648 aegre
1197 575 1212 623 3

100 655 223 717 retentis
238 655 414 716 Domitianis
429 653 571 715 militibus
587 655 771 726 estfactum,
794 673 831 715 ne
847 654 960 732 proelio
976 657 1174 716 contendere-

100 750 158 814 tur,
175 749 204 801 et
217 741 352 815 maxime,
369 740 449 818 quod
463 739 543 800 rivus
557 738 726 799 difficilibus
740 739 813 818 ripis
827 739 977 801 subiectus
992 740 1095 801 castris
1111 741 1174 801 Sci-

99 825 198 905 pionis
213 843 390 905 progressus
412 833 585 885 nostrorum
600 823 787 903 impediebat.
817 823 951 895 Quorum
973 826 1101 886 studium
1118 826 1177 886 ala·
1197 833 1212 882 4

99 910 295 988 critatemque
316 910 469 989 pugnandi
485 928 553 971 cum
575 909 762 988 cognovisset
777 908 892 987 Scipio,
915 909 1079 988 suspicatus
1100 912 1173 984 lore,

99 1005 134 1055 ut
155 1004 275 1074 postero
298 995 345 1055 die
368 1002 418 1055 aut
439 994 547 1055 invitus
569 995 707 1054 dimicare
730 1001 888 1072 cogeretur
910 1000 960 1054 aut
978 1012 1084 1073 magna
1107 1014 1175 1056 cum

100 1079 221 1140 infamia
236 1080 339 1141 castris
354 1099 386 1141 se
402 1080 582 1151 contineret,
605 1079 656 1157 qui
674 1097 780 1158 magna
796 1079 1016 1157 exspectatione
1038 1080 1174 1153 venisset,

80 1161 84 1168 ’
99 1172 211 1225 temere
226 1183 402 1244 progressus
416 1174 534 1244 turpem
549 1163 652 1225 babuit
666 1165 776 1224 exitum
789 1172 819 1223 et
832 1172 923 1224 noctu
935 1182 974 1247 ne
986 1165 1176 1225 conclamatis

100 1249 220 1327 quidem
242 1251 317 1312 vasis
338 1252 448 1311 llumen
471 1250 578 1311 transit
599 1257 686 1328 atque
708 1249 739 1310 in
763 1249 886 1311 eandem
905 1257 1036 1328 partem,
1059 1269 1093 1310 ex
1117 1268 1175 1328 qua

100 1344 230 1410 venerat,
244 1336 320 1396 redit
330 1336 430 1415 ibique
441 1355 535 1416 prope
549 1337 662 1396 flumen
674 1335 752 1395 edito
765 1343 871 1394 natura
882 1335 948 1395 loco
960 1343 1055 1395 castra
1066 1336 1172 1414 posuit.

102 1420 208 1482 Paucis
222 1421 327 1483 diebus
341 1421 525 1501 interpositis
540 1429 632 1482 noctu
647 1420 768 1480 insidias
782 1420 915 1497 equitum
932 1419 1098 1495 collocavit,
1116 1439 1175 1499 qno
1197 1431 1211 1479 5

101 1504 132 1565 in
148 1505 214 1566 loco
236 1506 442 1584 superioribus
463 1507 526 1567 lere
542 1504 646 1565 diebus
662 1505 757 1565 nostri
778 1502 912 1583 pabulari
928 1515 1122 1581 consuerant;
1146 1514 1175 1566 et.

100 1608 168 1650 cum
181 1591 326 1651 cotidiana
340 1591 554 1652 consuetudine
565 1590 600 1662 Q.
613 1591 715 1664 Varus,
726 1590 894 1668 praefectus
905 1589 1037 1667 equitum
1047 1590 1174 1664 llomitii,

100 1675 238 1748 venisset,
254 1674 352 1736 subito
364 1675 406 1735 illi
418 1694 454 1735 ex
464 1675 577 1736 insidiis
592 1683 854 1735 consurrexerunt.
885 1674 942 1734 Sed
954 1674 1049 1735 nostri
1061 1674 1177 1735 fortiter
1197 1688 1212 1735 6

88 1757 243 1839 ⁴impetum
267 1778 371 1821 eorum
392 1761 528 1821 tulerunt
549 1761 744 1837 celeriterque
766 1759 801 1818 ad
816 1778 887 1819 suos
909 1759 1033 1837 quisque
1055 1760 1175 1821 ordines

101 1845 193 1918 redit,
218 1855 306 1923 atque
328 1845 407 1906 ultro
423 1844 553 1906 universi
568 1845 598 1905 in
614 1847 714 1906 hostes
731 1844 875 1922 impetum
890 1845 1035 1904 lecerunt.
1065 1845 1109 1904 Ex
1131 1845 1177 1906 his
1199 1857 1213 1905 7

101 1994 148 2045 mit
165 1997 231 2058 grain
247 1995 407 2055 verbundem
426 2010 449 2046 z.
461 1993 490 2046 B.
506 1995 535 2047 B.
545 1994 574 2047 G.
587 1997 611 2060 2,
667 1991 1174 2059 19,1:patosdifficiliauntenenan:

103 2064 163 2127 2,1;
174 2061 224 2112 Cic.
235 2061 266 2114 de
276 2063 336 2130 imp.
346 2063 391 2115 Gn.
400 2062 507 2130 Pompei
516 2065 558 2126 23,
567 2065 610 2114 68:
663 2065 770 2126 flumen,
789 2061 861 2125 quod
875 2063 945 2126 rapis
962 2065 1023 2111 arat
1033 2063 1176 2126 impeditis.

105 2129 189 2180 nolite
215 2129 350 2194 dubitare,
381 2135 446 2198 quin
475 2132 538 2182 huic
563 2133 614 2180 uni
698 2133 721 2181 4.
739 2144 840 2194 inagna
861 2144 921 2179 eum
941 2127 1058 2190 infamia
1081 2134 1176 2180 castris

102 2198 218 2248 credatis
231 2202 336 2262 omnim
354 2216 378 2266 p.
390 2199 443 2251 lllil.
457 2201 498 2264 13,
511 2202 555 2252 63:
568 2215 613 2249 ar·
663 2214 690 2247 re
702 2200 859 2249 contineret.
878 2196 928 2248 Der
939 2195 1093 2249 Nacbdruck
1111 2198 1175 2263 liegt

103 2267 274 2318 bitrabantur
285 2284 339 2318 non
357 2269 544 2318 dubitaturum
555 2266 613 2328 sor-
664 2265 709 2318 aul
724 2281 825 2330 magna
838 2281 897 2317 mem
909 2264 976 2326 infl:
994 2281 1021 2317 er
1038 2266 1174 2329 lurchtete,
1242 2275 1243 2280 ’

102 2337 258 2398 teacinam,
272 2337 542 2402 prcincederetaequo
555 2337 614 2385 ani·
664 2349 692 2386 er
708 2334 795 2386 werde
818 2333 950 2386 entweder
970 2349 1028 2386 zum
1047 2333 1173 2400 Scblagen

100 2418 144 2453 nro
160 2403 270 2467 legibus.
285 2433 319 2442 -
330 2406 426 2455 castres
442 2404 512 2470 Seip.
532 2407 615 2453 aciem
666 2417 824 2469 gezwungen
835 2401 947 2465 werden,
960 2400 1021 2453 oder
1032 2417 1090 2453 zum
1100 2401 1175 2454 llam-

100 2486 178 2520 suam
187 2471 615 2524 subieeic:rdcktenabeunterdas
666 2471 709 2536 ple
718 2469 948 2535 beransgelordert,
960 2484 1007 2521 nur
1019 2470 1066 2520 mil
1077 2469 1176 2536 grolser

102 2538 183 2602 Lager
196 2538 242 2590 des
254 2539 322 2606 Scip.
341 2541 426 2593 heran.
443 2539 468 2591 S.
483 2541 498 2604 ξ
512 2545 526 2590 3
540 2543 616 2590 rivus
666 2538 792 2590 Scbmach
817 2537 872 2589 sich
899 2537 934 2587 im
960 2537 1040 2603 Lager
1068 2536 1175 2588 zunick-

102 2608 613 2671 subiectuscastrds50.56‚l;84,2;85,l.
665 2606 764 2669 balten,
783 2605 838 2657 sich
856 2604 980 2668 dadureb,
1002 2604 1057 2655 dass
1076 2620 1103 2656 er
1121 2605 1175 2656 sich

139 2675 162 2724 3.
174 2673 614 2738 Aetamen(nichtattamen):und
665 2671 854 2736 zurdckhielte‚
879 2671 964 2736 grosse
983 2671 1108 2723 Scbmach
1131 2688 1175 2724 zu·
1257 2721 1261 2725 .

104 2739 234 2806 democh,
260 2741 377 2807 obgleich
400 2741 525 2793 Domitius
544 2740 614 2793 Alles
665 2741 1176 2806 richen.—quimagnaeoespeotata‘ono

103 2808 175 2873 that,
199 2823 241 2860 um
266 2811 322 2861 eine
341 2808 462 2861 Scblaeht
483 2809 615 2861 berbeizu-
665 2812 793 2859 venisset.-
806 2823 841 2870 er,
851 2807 895 2859 der
906 2807 1174 2874 doch-gekommen

105 2875 197 2927 lubren
204 2877 256 2928 und
265 2874 465 2929 seineSoldaten
476 2877 530 2928 sich
536 2876 614 2927 kaurn
665 2892 727 2927 war.
755 2875 781 2927 S.
793 2892 825 2927 zu
840 2878 862 2940 1,
875 2879 916 2938 64,
930 2877 958 2927 8:
977 2892 1028 2940 eos,
1047 2879 1094 2942 qni
1106 2878 1175 2926 eads-

104 2943 288 2997 zurdckbalten
307 2945 405 3010 belsan,
424 2945 482 2996 liam
502 2960 529 2996 es
544 2945 614 2996 nicht
664 2949 730 2995 sont.
756 2973 787 2981 -
811 2959 845 2993 ne
871 2943 1044 2993 conclamatis
1070 2945 1176 3010 quidem

103 3012 177 3065 dazu.
198 3013 254 3064 ‘Ubi
267 3013 413 3079 adiungitur
425 3012 529 3080 aliquid,
546 3013 614 3079 quod
665 3015 752 3063 vans:
766 3015 788 3075 1,
800 3014 874 3073 6111.
889 3039 923 3048 -
933 3012 1068 3063 babuit—
1077 3014 1177 3062 transal

103 3081 228 3145 superiori
244 3081 396 3134 contrarium
410 3087 458 3145 est,
477 3081 512 3132 ibi
526 3080 614 3132 Cicero
665 3108 698 3117 -
710 3080 782 3130 redit
792 3109 826 3116 -
833 3082 934 3144 posuit.
960 3078 1010 3130 Der
1026 3095 1055 3131 so
1072 3078 1175 3145 hiiufige
1191 3142 1194 3145 Ι

104 3153 131 3199 et
149 3149 192 3199 alii
210 3150 298 3202 dicunt
316 3155 360 3202 aut
378 3155 404 3201 ec
416 3155 503 3200 tamen
521 3154 565 3200 aut
583 3163 615 3199 ac
665 3147 786 3198 Wechsel
804 3147 848 3198 der
860 3146 994 3213 Tempora,
1012 3147 1057 3198 der
1073 3148 1115 3199 bei
1131 3147 1175 3199 der

103 3217 614 3284 11111111113111111112,1185.
665 3203 918 3281 Ubereinstimmung
935 3216 980 3266 des
997 3215 1085 3268 histor.
1104 3215 1174 3267 Pr'as.

103 3312 137 3320 -
156 3284 309 3346 estfactum
320 3304 353 3336 ne
365 3315 407 3350 -,
425 3287 475 3338 wie
496 3293 517 3349 1,
533 3288 572 3349 19,
586 3288 614 3336 4:
666 3284 712 3335 mit
730 3284 788 3335 dem
800 3282 867 3334 Pers.
886 3283 977 3349 gewils
995 3283 1033 3335 olt
1050 3284 1175 3336 absicbts·

104 3350 135 3399 id
157 3367 189 3401 ne
212 3353 274 3413 fieri
292 3361 382 3419 posset
397 3382 431 3392 -
450 3356 542 3421 oppidi
564 3356 616 3404 cir·
635 3353 706 3417 ‚los
730 3367 783 3404 von
807 3351 855 3404 den
875 3349 1075 3404 Schriltstellem
1099 3367 1175 3418 ange-

104 3423 315 3471 eummuaitione
329 3422 424 3485 fiebat;
441 3423 492 3474 Cic.
505 3423 531 3474 in
544 3421 615 3474 Verr.
666 3421 770 3473 wandel
799 3419 904 3472 worden
932 3420 980 3483 ist,
1011 3420 1081 3472 dient
1110 3422 1174 3472 aucb

105 3490 130 3550 5,
140 3488 163 3549 2,
175 3491 202 3539 5:
222 3488 256 3538 M.
272 3489 360 3540 Crassi
376 3493 476 3540 nir-tote
491 3492 615 3541 consilio·
667 3490 745 3552 daza,
769 3489 810 3540 die
831 3488 1030 3541 verschiedenen
1046 3489 1176 3540 llandlun·

105 3553 277 3621 patefactum,
289 3573 361 3606 ne-
372 3561 616 3624 transirepossent;
667 3572 716 3624 gen
734 3557 772 3608 als
789 3557 861 3607 melrr
878 3557 939 3608 oder
952 3557 1065 3622 weniger
1082 3556 1175 3608 bedeu-

105 3623 152 3674 das
170 3623 323 3689 allgemeine
341 3624 487 3676 ‘bewirlren¹
510 3627 572 3690 geht
588 3626 614 3676 in
666 3625 726 3677 tend
745 3624 807 3676 oder
825 3624 936 3676 dauernd
955 3640 986 3675 zu
1005 3623 1140 3675 scbildern.

107 3689 156 3741 den
175 3692 312 3759 speziellan
331 3690 430 3756 Begriff
447 3693 492 3744 des
510 3692 616 3744 Verbin·
701 3697 723 3744 5.
744 3693 774 3755 Q.
793 3694 890 3750 Varus,
908 3691 1025 3743 derselbe
1043 3690 1072 3750 Q.
1089 3690 1175 3749 Attius

105 3757 182 3810 deins
194 3761 245 3812 und
257 3760 402 3812 Verhiitens
413 3760 484 3811 iiber.
498 3789 528 3797 -—
543 3759 616 3820 diffi-
666 3760 756 3823 Varus,
775 3760 867 3811 dessen
879 3757 1045 3824 Tuchliglieit
1062 3757 1090 3810 Β.
1103 3757 1132 3809 G.
1152 3761 1175 3822 8,

108 3825 202 3879 uliam
219 3832 296 3895 ripis,
314 3830 365 3880 wie
386 3832 407 3891 1,
426 3830 466 3891 68,
486 3831 515 3879 2:
533 3828 616 3878 valles
666 3830 735 3892 28,2
754 3828 873 3893 gerbbmt
891 3825 962 3876 wind.

104 3898 240 3949 maximoe
255 3914 287 3948 ac
303 3897 496 3960 difficillimam
512 3894 540 3949 B.
551 3895 579 3948 G.
591 3899 614 3959 7,
700 3900 725 3949 6.
742 3896 831 3947 veltro:
852 3898 963 3960 1,19,,5.

158 3987 225 4031 cesar
238 3989 264 4032 n.
296 3991 315 4033 a.
330 3989 385 4031 nun.
941 3981 971 4031 11
