2626 4416
535 241 578 297 ld.
595 243 739 298 tot-103.
1111 235 1173 298 231

99 418 300 489 discederent,
324 423 428 476 contra
443 415 624 475 voluntatem
646 433 729 477 suam
745 432 834 475 naves
856 414 1018 476 solverunt.
1056 414 1176 492 lamque

100 506 139 565 de
154 502 283 565 Caesaris
298 501 425 561 adventu
440 501 516 559 lama
531 500 567 560 ad
582 499 712 561 civitates
726 498 942 579 perferebatur.
1199 509 1214 559 8

185 583 264 653 103.
288 585 403 656 Quibus
426 584 553 663 cognitis
574 585 665 646 rebus
686 585 846 664 Pompeius
867 584 1003 664 deposito
1026 585 1176 667 adeundae

101 674 203 754 Syriae
216 671 342 733 consilio
357 670 485 749 pecunia
499 669 648 731 societatis
662 667 776 731 sublata
792 678 820 730 et
834 689 852 730 a
867 670 1041 748 quibusdam
1056 669 1177 749 privatis

99 768 217 838 sumpta
245 766 275 817 et
296 756 372 816 aeris
393 773 502 833 magno
530 755 663 832 pondere
686 754 721 815 ad
743 754 898 816 militarem
925 755 1065 816 usumin
1088 773 1177 816 naves

101 843 240 923 imposito
256 840 432 918 duobusque
454 839 573 901 milibus
594 840 750 900 hominum
773 839 899 913 armatis,
921 840 1027 918 partim
1043 858 1118 918 quos
1141 858 1176 901 ex

100 928 217 989 familiis
239 926 412 988 societatum
434 925 591 1003 delegerat,
611 924 722 1003 partim
744 924 1010 1002 anegotiatoribus
1031 933 1176 1004 coegerat,

101 1031 238 1091 quosque
260 1030 295 1072 ex
309 1010 371 1073 suis
385 1010 512 1089 quisque
533 1010 568 1070 ad
584 1011 661 1070 hanc
682 1029 746 1071 rern
768 1010 891 1071 idoneos
905 1009 1098 1085 existimabat,
1119 1011 1176 1071 Pe·

102 1098 211 1159 lusium
231 1095 373 1176 pervenit.
404 1094 448 1155 lbi
466 1114 536 1156 casu
557 1115 610 1156 rex
625 1104 687 1156 erat
698 1094 894 1170 Ptolomaeus,
909 1112 985 1173 puer
996 1103 1099 1169 aetate,
1115 1114 1176 1154 ma·
1199 1103 1213 1152 2

103 1183 170 1262 gnis
181 1182 274 1261 copiis
286 1199 352 1242 cum
362 1199 465 1242 sorore
478 1181 632 1260 Cleopatra
643 1180 753 1243 bellum
764 1199 881 1259 gerens,
893 1197 981 1258 quam
994 1180 1097 1260 paucis
1107 1189 1176 1240 ante

102 1268 255 1329 mensibus
277 1280 332 1346 per
350 1285 421 1328 suos
443 1266 630 1345 propinquos
650 1276 739 1346 atque
762 1266 871 1326 amicos
893 1284 986 1343 regno
1007 1265 1175 1346 expulerat;

101 1362 257 1431 castraque
272 1352 442 1431 Cleopatrae
458 1371 520 1412 non
542 1351 632 1430 longo
648 1353 743 1432 spatio
765 1352 800 1411 ah
817 1351 881 1410 eius
901 1351 1005 1413 castris
1019 1351 1175 1412 distabant.

101 1438 146 1500 Ad
169 1456 237 1500 cnm
259 1437 416 1516 Pompeius
437 1436 526 1509 misit,
549 1443 583 1496 ut
604 1455 659 1515 pro
682 1436 809 1515 hospitio
831 1444 919 1514 atque
941 1435 1066 1497 amicitia
1087 1436 1213 1515 patrica

101 1523 278 1585 Alexandria
289 1521 474 1600 reciperetur
485 1531 572 1599 atque
584 1521 662 1583 illius
677 1521 784 1601 opibus
799 1521 828 1580 in
843 1520 1004 1582 calamitate
1016 1530 1175 1598 tegeretur.

102 1608 162 1668 Sed
174 1608 226 1686 qui
240 1606 277 1667 ab
293 1626 328 1667 eo
340 1606 420 1668 missi
432 1615 526 1682 erant,
541 1608 678 1668 conlecto
693 1605 848 1686 legationis
861 1605 957 1665 allicio
973 1606 1095 1667 liberius
1110 1625 1178 1667 cum
1200 1617 1214 1666 t

136 1737 200 1794 1⁰8.
226 1742 247 1790 1.
274 1739 425 1789 societatis:
442 1753 463 1790 c.
483 1742 510 1801 3,
529 1741 544 1790 2
562 1738 615 1790 und
666 1756 697 1791 au
710 1741 802 1806 gehen,
815 1740 864 1806 gab
877 1740 933 1792 sein
946 1739 1082 1804 Grinstling
1093 1737 1177 1808 'l'heo-

104 1811 145 1873 31,
155 1811 179 1860 2.
192 1807 355 1866 -aallatar
372 1806 493 1858 erhohen.
507 1835 539 1844 -
548 1823 614 1874 par·
666 1808 763 1873 phanes
780 1812 811 1872 (s.
824 1824 856 1860 zu
869 1823 891 1859 c.
905 1810 945 1872 18,
958 1810 992 1871 3),
1012 1806 1043 1857 da
1055 1806 1096 1858 die
1109 1805 1177 1871 Lage

104 1881 152 1928 tim
170 1891 248 1942 quoa,
273 1874 334 1926 teils
351 1874 453 1939 solche,
477 1873 519 1927 die
541 1879 615 1940 (quo
665 1877 717 1928 und
736 1876 777 1928 die
789 1876 945 1928 Hdllsmittel
964 1875 1009 1927 des
1021 1875 1119 1927 Landes
1136 1874 1177 1926 die
1255 1875 1256 1878 ’

102 1960 164 1996 rum
188 1960 257 2011 pars
286 1945 425 1994 constabat
453 1945 502 2004 ia's,
532 1945 615 2008 quor).
665 1943 835 2011 Mdglichkeit
852 1945 1014 2009 gewiihrten,
1033 1942 1082 1994 deu
1100 1942 1177 2009 lirieg

103 2012 154 2064 llas
165 2012 232 2063 nach
242 2012 299 2063 dern
310 2012 419 2062 awriten
433 2013 535 2076 partim
545 2026 615 2076 weg·
666 2012 763 2065 wieder
780 2029 811 2064 au
828 2013 964 2078 heginnen,
983 2013 1009 2062 in
1027 2011 1084 2062 dem
1097 2009 1177 2062 lleere

101 2080 237 2147 gelassene
266 2077 412 2130 Relativnm
440 2079 509 2130 kann
545 2079 615 2130 nicht
666 2079 1045 2133 vieleseinerallenSoldaten
1064 2079 1177 2143 dienten‚

103 2149 174 2200 wohl
192 2148 310 2199 entbehrt
328 2147 439 2199 werden.
467 2146 526 2213 Vgl.
544 2147 572 2199 B.
585 2147 614 2200 G.
666 2147 718 2201 und
736 2149 780 2201 der
798 2149 893 2213 Kdnig,
918 2148 1010 2200 dessen
1028 2146 1107 2199 Vater
1124 2147 1177 2198 ihm

102 2219 212 2280 2,1,3;
235 2216 308 2282 qaod
324 2218 357 2267 ab
375 2217 513 2268 nonnullis
532 2216 616 2268 Gallia
666 2218 737 2269 seine
763 2216 926 2282 Herstellung
951 2215 1106 2278 verdankte‚
1136 2217 1176 2267 ein

100 2285 321 2345 sollicitarentur,
338 2288 440 2350 partim
453 2287 500 2349 qai
518 2313 549 2321 ——
560 2301 616 2336 aco-
667 2293 751 2337 treuer
764 2284 977 2350 Bundesgenosse
990 2284 1086 2337 schien.
1108 2283 1176 2335 Plut.

103 2354 164 2404 leste
176 2351 306 2416 serebant,
320 2355 424 2417 parlim
437 2355 485 2420 qui
495 2355 615 2403 -raooa’r
666 2352 755 2421 Pomp.
769 2356 810 2406 16.
822 2354 888 2421 App.
902 2355 926 2418 2,
939 2356 979 2407 83.
997 2351 1089 2405 Vellei.
1102 2355 1126 2415 2,
1137 2355 1177 2406 53.

100 2423 223 2489 impartis
234 2420 386 2474 coaetant.
405 2451 437 2459 —
454 2420 569 2482 familiia
580 2446 615 2466 =
701 2424 724 2474 2.
742 2422 910 2474 Ptolomaeus
923 2452 953 2460 -
967 2421 1065 2471 ballam
1073 2436 1179 2485 gerens.

103 2487 316 2542 servisllieKa
336 2488 615 2555 italistengesellschal-
665 2489 715 2542 ller
741 2490 776 2541 im
802 2489 825 2541 J.
851 2493 881 2542 51
912 2489 1066 2554 gestorllene
1094 2488 1179 2553 lionig

102 2561 155 2620 ten,
162 2557 260 2608 welche
266 2503 501 2622 diellrhebungder
507 2557 614 2608 Steuern
664 2554 832 2610 Ptolomaeus
841 2556 947 2608 Auletes
960 2557 1030 2608 hatte
1042 2556 1070 2606 in
1081 2556 1178 2607 seinem

103 2626 129 2676 in
142 2639 240 2691 ganaen
252 2623 396 2675 Provinzen
410 2625 547 2690 gepachtet
560 2625 616 2676 hat·
666 2624 831 2677 Testamente
856 2625 1001 2688 bestimmt,
1028 2623 1083 2675 dass
1107 2623 1178 2675 seiue

104 2697 146 2744 ten
160 2694 307 2754 (cameratas
315 2693 543 2757 paraticanaramJ,
558 2693 615 2744 hat·
666 2692 775 2757 Kinder,
799 2691 841 2744 die
862 2692 1087 2758 sechaehnj'ahrige
1106 2691 1179 2743 Cleo-

102 2765 148 2812 ten
171 2759 298 2810 natirrlich
321 2759 380 2810 sehr
401 2759 469 2811 viele
487 2759 566 2812 Lente
588 2761 614 2811 in
666 2764 739 2827 patra
763 2759 815 2812 und
838 2759 883 2811 der
906 2761 1071 2826 aehnjiahrige
1092 2759 1179 2811 Ptolo-

102 2829 184 2879 ihrem
202 2827 291 2879 Ilienst
312 2827 364 2878 und
387 2827 429 2879 bei
448 2828 551 2879 weitem
573 2827 615 2880 die
667 2844 754 2880 maeus
771 2828 901 2894 Dionysus
919 2829 965 2879 mit
985 2827 1107 2880 einander
1124 2844 1180 2880 ver-

102 2897 212 2948 meisten
236 2897 319 2948 dauon
338 2910 424 2947 waren
443 2895 564 2948 Shlaven.
581 2924 616 2934 —
667 2897 749 2948 mihil
784 2896 1022 2962 gemeinschaftlich
1063 2896 1178 2962 regiaren

103 2966 237 3016 Pelusium
265 2966 399 3082 pervenit.
445 2963 490 3016 Bri
519 2963 564 3016 der
588 2964 616 3015 in
668 2964 769 3017 solit-en.
815 2964 883 3016 liber
917 2965 962 3016 der
991 2963 1089 3016 Bruder
1118 2965 1179 3016 oder

143 3033 202 3084 edra
219 3032 247 3084 in
284 3031 369 3084 ilicicn
393 3030 495 3093 (Lucan.
515 3033 539 3095 8,
555 3034 616 3096 259)
667 3032 792 3084 vielmehr
822 3033 878 3084 sein
900 3031 1032 3085 Vormuud
1054 3032 1179 3084 Pothinus

102 3050 166 3154 olen
184 3101 233 3152 wie
251 3099 318 3152 Plut.
338 3099 426 3218 Pomp.
446 3105 477 3152 rt
497 3104 563 3166 sagt,
584 3115 616 3152 au
669 3103 702 3167 (c.
722 3103 784 3166 108,
803 3104 830 3161 1;
850 3103 911 3164 112,
939 3102 980 3165 11)
1003 3100 1113 3153 vertrieh
1138 3102 1179 3154 die

102 3171 202 3237 Cyprus
227 3169 273 3220 mit
296 3168 383 3220 seinen
422 3167 549 3230 reunden,
573 3167 614 3219 die
667 3169 815 3234 Cleopatra,
842 3168 883 3220 die
910 3170 974 3220 nach
998 3168 1090 3238 Syrien
1116 3170 1177 3234 tloh,

102 3238 155 3289 ihm
165 3237 356 3304 gelolgtwaren
366 3237 441 3301 (nach
450 3236 517 3290 Plut.
525 3235 614 3303 Pomp.
665 3236 718 3288 und
736 3252 787 3288 von
806 3236 864 3288 dort
881 3236 920 3288 ihr
933 3238 1087 3291 vilerliches
1099 3237 1177 3290 Reich

104 3309 137 3356 16
156 3319 243 3356 waren
268 3308 299 3357 60
319 3304 460 3357 Senatoren
483 3304 525 3356 hei
542 3305 614 3370 ihm),
666 3304 764 3357 wieder
776 3305 801 3356 in
814 3304 899 3356 Besitz
912 3323 943 3358 au
956 3307 1065 3359 nehmen
1079 3307 1177 3359 suchte.

103 3371 459 3493 accusatura
470 3373 615 3509 latrat
666 3363 1077 3496 catalaunicae
1090 3390 1178 3495 aa

103 3506 191 3570 dalrir,
221 3506 286 3558 nach
312 3506 431 3560 Parthien
461 3524 493 3559 au
522 3509 613 3574 gehen,
666 3525 754 3562 maeus
772 3511 823 3562 und
836 3482 961 3564 Po’thinus
978 3511 1021 3564 bei
1039 3512 1097 3564 dem
1115 3512 1179 3562 casi-

103 3575 195 3627 dassen
205 3573 392 3639 lldnigOrodes
403 3591 430 3626 er
439 3577 519 3628 sehon
529 3577 615 3628 lrdher
666 3579 745 3630 schen
763 3577 928 3645 Vorgebirge,
951 3579 1043 3632 dstlich
1061 3593 1112 3629 von
1131 3577 1178 3630 Pe-

102 3659 148 3694 um
164 3641 240 3694 llidle
259 3643 367 3708 gebeton
386 3643 468 3707 hatte,
493 3648 523 3702 ts.
542 3660 573 3695 au
592 3660 614 3698 e.
665 3644 768 3709 lusium,
789 3646 828 3698 als
846 3646 985 3713 Pompeius
1003 3647 1059 3714 dont
1077 3645 1177 3699 ankam.

103 3714 146 3776 82,
159 3715 193 3775 5).
219 3710 319 3763 andere
337 3710 460 3776 schlngen
478 3710 615 3764 Numidien
666 3743 700 3751 -
717 3730 771 3765 non
790 3714 869 3779 longo
887 3717 976 3780 spatio
989 3715 1134 3769 distabant,
1152 3715 1177 3768 S.

104 3795 165 3844 vor,
198 3778 290 3831 dessen
319 3776 404 3845 lldnig
429 3779 496 3831 luha
526 3779 615 3832 Curios
665 3796 697 3833 an
711 3784 733 3845 2,
748 3785 788 3844 38,
802 3784 826 3834 3.
844 3780 874 3835 Β.
886 3781 914 3833 G.
930 3785 952 3847 1,
966 3785 1043 3846 41,5.

103 3846 476 3913 Legionenvernichtethatte.
495 3847 615 3913 Denver·
700 3853 723 3901 3.
749 3850 919 3900 Alexandria
941 3854 1115 3917 reciperetur.
1151 3851 1177 3906 S.

104 3915 300 3983 hingnisvollen
321 3913 383 3983 liat,
407 3915 472 3968 nach
492 3915 614 3984 Agypten
665 3931 697 3968 au
718 3920 740 3980 l,
754 3921 794 3982 35,
807 3919 831 3970 5.
