2626 4416
535 235 554 288 l.
574 238 613 290 10.
632 239 672 291 20.
691 239 732 290 21.
1136 237 1178 298 43

101 416 192 487 atque
209 407 298 469 armis
319 408 458 468 dimicare
478 416 641 485 conentnr3
664 416 733 489 post
752 410 841 488 paulo
863 416 961 471 tamen
984 411 1178 473 internuntiis

102 495 181 554 ultro
199 493 333 571 citroque
348 493 459 566 missis,
483 511 559 571 qnae
581 493 773 573 ignorabant,
796 495 832 555 de
848 494 880 554 L.
897 495 1015 556 Domitii
1036 497 1105 575 luga
1126 515 1177 558 co-

102 585 261 659 gnoscunt.
294 578 395 656 ltaque
417 595 522 639 omncs
542 597 604 653 nno
626 579 750 641 consilio
766 579 925 640 llomitium
947 580 1124 659 productum
1146 582 1176 642 in
1199 593 1215 642 5

102 663 256 744 publicum
271 663 495 725 circumsistunt
509 669 540 724 et
550 663 721 725 custodiunt
742 665 914 744 legatosque
930 683 966 726 ex
980 685 1035 727 suo
1051 683 1177 727 numero

101 750 137 810 ad
154 748 307 811 Gaesarem
322 748 460 809 mittunt:
482 767 546 810 sese
562 756 680 828 paratos
701 767 766 810 esse
787 758 888 829 portas
907 750 1022 829 aperire
1044 768 1178 830 quaeque

101 833 290 913 imperaverit
304 834 401 894 lacere
423 840 453 893 et
467 832 500 892 L.
517 833 678 895 Domitium
698 833 795 896 virum
815 833 879 895 eius
893 836 1032 913 potestati
1052 836 1177 897 tradere.

186 914 244 982 21.
269 917 384 989 Quibus
404 916 495 979 rebus
512 918 639 997 cognitis
654 919 759 981 Caesar
774 918 828 980 etsi
847 918 947 996 magni
967 920 1111 981 interesse
1131 938 1178 980 ar-

100 1002 267 1064 bitrabatur
281 1021 369 1082 quam
383 1002 514 1082 primum
529 1003 639 1082 oppido
662 1004 752 1083 potiri
766 1005 963 1083 cohortesque
984 1004 1020 1065 ad
1035 1023 1067 1065 se
1082 1005 1113 1064 in
1129 1023 1178 1065 ca-

100 1097 162 1151 stra
177 1088 340 1161 traducere,
356 1107 395 1149 ne
411 1107 468 1167 qua
483 1097 534 1150 ant
547 1087 754 1168 largitionibus
775 1097 826 1150 aut
840 1088 930 1149 animi
952 1090 1178 1151 confirmatione

101 1183 152 1235 ant
163 1173 243 1234 salsis
258 1173 371 1235 nuntiis
382 1173 574 1234 commutatio
587 1174 850 1248 fieretrolnntatis,
866 1173 946 1253 quod
955 1193 1042 1253 saepe
1057 1174 1178 1235 inbelle

102 1258 201 1337 parvis
220 1259 379 1320 momentis
401 1258 500 1337 magni
522 1277 609 1321 casus
623 1259 858 1333 intercederent,
879 1268 978 1320 tamen
1000 1260 1119 1336 veritus,
1141 1269 1216 1321 nen

102 1343 227 1403 militnm
249 1344 374 1405 introitu
386 1352 415 1404 et
431 1344 572 1406 nocturni
585 1344 729 1424 temporis
743 1344 861 1405 licentia
878 1344 1021 1424 oppidum
1035 1344 1178 1424 diripere-

101 1437 160 1504 tur,
176 1446 237 1502 cos,
253 1429 304 1507 qni
318 1437 475 1501 venerant,
497 1430 643 1491 collaudat
657 1438 745 1509 atque
760 1430 791 1490 in
807 1429 950 1509 oppidum
964 1429 1092 1505 dimittit,
1108 1448 1179 1509 por-

101 1523 146 1574 tas
161 1531 322 1592 murosque
337 1513 478 1574 asservari
500 1513 591 1574 iubet.
621 1514 688 1594 lpse
710 1513 793 1575 iniis
814 1513 969 1594 operibus,
992 1533 1067 1593 quae
1082 1515 1180 1576 lacere
1202 1525 1217 1575 3

101 1597 279 1671 instituerat,
296 1598 404 1660 milites
418 1597 551 1677 disponit
565 1617 627 1660 non
644 1599 732 1660 certis
746 1599 848 1678 spatiis
863 1598 1048 1672 intermissis,
1070 1608 1103 1660 ut
1124 1607 1188 1661 erat

102 1683 290 1762 superiorum
306 1683 421 1744 dierum
433 1685 630 1758 consuetudo,
646 1683 697 1745 sed
708 1684 862 1763 perpetuis
874 1683 977 1762 vigiliis
987 1683 1179 1745 stationibus·

103 1786 170 1846 que,
192 1776 226 1828 ut
237 1767 414 1846 contingant
429 1767 507 1828 inter
522 1787 553 1829 se
568 1777 656 1848 atque
672 1786 791 1828 omnem
812 1767 1011 1829 munitionem
1026 1769 1179 1846 expleant;

103 1853 241 1914 tribunos
256 1852 381 1913 militum
399 1859 429 1912 et
442 1853 610 1931 praefectos
632 1852 834 1914 circummittit
849 1860 937 1930 atque
952 1853 1096 1925 hortatur,
1119 1871 1180 1913 non
1202 1864 1218 1914 4

100 1938 198 1998 solum
214 1936 250 1997 ab
266 1937 473 2016 eruptionibus
488 1945 623 2012 caveant,
645 1938 696 1998 sed
717 1936 803 1996 etiam
824 1936 1010 2016 singulorum
1025 1936 1180 1997 hominum

103 2022 236 2083 occultos
252 2021 347 2082 exitus
361 2030 521 2082 asservent.
550 2022 653 2101 Neque
673 2040 744 2082 vero
760 2030 819 2081 tam
840 2021 963 2082 remisso
987 2039 1020 2081 ac
1040 2021 1180 2100 languido
1202 2034 1217 2084 6

102 2105 202 2167 animo
218 2106 375 2186 quisquam
389 2106 524 2167 omnium
538 2108 602 2182 fuit,
625 2107 675 2187 qui
691 2125 724 2168 ea
742 2115 829 2167 nocte
844 2106 1057 2185 conquieverit.
1088 2106 1182 2167 Tanta
1202 2118 1218 2168 6

102 2200 166 2252 erat
180 2210 312 2252 summae
327 2210 428 2253 rerum
444 2193 638 2271 exspectatio,
660 2201 694 2253 ut
708 2191 782 2252 alius
800 2191 831 2252 in
849 2192 934 2252 aliam
950 2200 1063 2270 partem
1080 2199 1180 2256 mente

101 2286 190 2355 atque
206 2277 305 2337 animo
320 2277 504 2352 traheretur,
521 2278 591 2355 quid
605 2278 678 2357 ipsis
693 2276 937 2352 Corfiniensibus,
954 2277 1025 2355 quid
1041 2276 1179 2351 Domitio,

100 2413 201 2476 partim
213 2411 286 2475 quod
301 2411 477 2476 rabgicnibus
488 2410 616 2477 impediri
637 2450 640 2457 .
701 2413 724 2464 3.
756 2413 896 2476 perpetua
924 2408 1028 2475 uigiliis
1056 2412 1181 2461 stationi-

100 2494 156 2529 rcra
174 2479 280 2530 dicuat.
667 2479 779 2544 dareque,
800 2478 859 2531 Abl.
877 2477 923 2529 der
938 2479 985 2529 Art
1007 2478 1060 2530 und
1078 2477 1179 2529 Weise:

135 2549 159 2598 4.
182 2551 247 2612 post
266 2546 358 2612 poulo.
392 2545 420 2597 ln
442 2545 526 2607 dieser
548 2544 615 2597 Stel·
666 2546 751 2598 indem
764 2546 805 2598 die
818 2543 1105 2597 WachenundPosten
1123 2545 1180 2596 eine

101 2613 165 2679 long
176 2613 243 2665 noch
255 2613 284 2664 B.
295 2613 324 2666 G.
334 2618 358 2678 1,
368 2617 409 2674 00,
419 2617 443 2665 4.
455 2642 489 2651 -
502 2613 615 2679 defuga
666 2614 903 2666 ununterbrochene
916 2612 995 2663 Reihe
1013 2611 1136 2676 bildeten,
1153 2612 1181 2664 in

101 2681 137 2731 ‘in
155 2679 263 2746 Betreff,
285 2680 440 2745 bezhglich’,
464 2680 503 2732 als
521 2682 615 2733 uthere
667 2682 736 2733 einer
754 2679 941 2734 fortlanleuden
959 2677 1039 2731 Reihe
1057 2695 1108 2733 ron
1121 2679 1181 2731 Wa-

102 2747 280 2811 Bestimmung
297 2746 342 2798 des
360 2745 530 2812 allgemeinen
547 2765 616 2815 puae
667 2749 732 2800 chen
758 2747 810 2800 und
832 2746 937 2800 Posten.
980 2748 1099 2813 Vigiliac
1124 2746 1182 2799 siud

102 2817 276 2880 ignorabant.
311 2813 337 2865 S.
356 2829 377 2866 c.
397 2817 438 2879 33,
457 2818 486 2876 l;
505 2818 614 2880 2,11,3
667 2815 781 2868 kleiuere
807 2814 917 2880 Postea,
943 2819 1072 2867 stationae
1100 2830 1181 2881 ganne

102 2883 155 2936 und
173 2881 203 2937 B.
221 2881 250 2933 G.
271 2884 295 2945 5,
313 2885 355 2947 53,
372 2885 397 2936 4.
666 2884 847 2950 Abteilungen.
872 2912 905 2921 —
927 2887 1088 2948 contingant
1109 2886 1182 2934 inter

137 2955 161 3003 5.
177 2956 289 3018 parator
300 2953 415 3016 apiastro.
436 2948 462 3002 S.
475 2965 507 3002 zu
520 2965 541 3003 c.
555 2953 579 3016 1,
592 2955 615 3004 t.
667 2968 711 3003 aa:
728 2951 865 3003 ‘einander‘
880 2950 919 3016 (B.
933 2951 1073 3016 (1.1,233
1092 2955 1123 3000 ut
1140 2953 1182 3000 in-

135 3017 180 3074 21.
201 3024 222 3073 l.
242 3021 339 3086 parnis
355 3020 510 3069 momentis:
537 3017 616 3070 durch
668 3024 709 3070 ter
731 3036 759 3069 se
776 3023 936 3084 contingant
953 3021 1050 3082 trabea)
1073 3018 1120 3069 mit
1137 3016 1181 3069 der

102 3088 226 3207 {erirffied
242 3087 370 3206 Eilr31tlgss7e
377 3085 617 3208 ,39n13rbedeutende
667 3086 719 3206 {eleit
735 3086 977 3206 dies-erpwenffiung
991 3085 1182 3206 glptrp‘etrsrdiplen

126 3171 164 3207 ms
193 3170 254 3216 ne;
290 3193 335 3206 ..
457 3169 549 3206 .-m
606 3168 616 3205 ι
692 3169 863 3207 uerrucun
933 3169 962 3206 es
1043 3169 1057 3206 e
1153 3168 1181 3206 es

102 3239 180 3274 caure
190 3225 301 3274 intera:
317 3237 345 3274 es
359 3194 441 3274 t’rete’n
454 3170 616 3274 Mdfflffl,
667 3221 754 3286 Verbi,
772 3222 814 3275 nie
831 3170 937 3274 sagoder
953 3224 1007 3273 eibi
1023 3170 1096 3274 darer
1111 3238 1147 3274 sa.

102 3288 299 3342 Zwischenlhlle
316 3291 366 3342 ein.
392 3289 439 3341 Ein
453 3289 541 3356 hbnfig
558 3306 615 3344 aus
702 3296 726 3344 5.
739 3293 787 3357 qua·
799 3292 987 3356 conquieverat.
1008 3289 1180 3344 Anderson.

102 3358 289 3423 gesprochener
310 3357 440 3410 Gednnke.
483 3357 508 3410 S.
532 3361 556 3423 3,
574 3362 615 3423 68,
667 3362 692 3424 3,
712 3361 754 3421 81,
772 3363 801 3411 6:
824 3375 873 3411 ooo
888 3358 945 3420 fnit
961 3361 1117 3425 quiequam,
1135 3361 1182 3424 qui

105 3430 131 3486 1;
151 3427 283 3489 3,’10,2;
311 3425 362 3477 (lie.
380 3424 446 3478 Phil.
465 3431 490 3490 5,
510 3429 550 3490 10,
568 3428 614 3479 26:
667 3427 813 3478 dubitarat.
851 3426 877 3479 S.
895 3425 924 3480 B.
943 3425 971 3478 G.
990 3429 1014 3489 ’1,
1035 3429 1074 3490 11,
1093 3427 1116 3478 3.

101 3495 221 3544 minimis
232 3495 372 3543 momentis
386 3497 522 3545 mamimus
538 3495 615 3545 inuti·
702 3498 725 3548 6.
743 3510 861 3546 mammae
878 3509 969 3545 aarum
981 3493 1182 3559 ‘Entscheidung

102 3564 228 3612 notiones
252 3564 399 3624 temporum
417 3561 488 3622 fiunt
509 3577 569 3612 cum
586 3565 616 3612 in
668 3561 713 3614 der
730 3561 827 3629 Dioge'.
855 3561 882 3616 S.
893 3578 925 3614 zu
938 3565 962 3627 3,
975 3565 1016 3626 04,
1029 3564 1053 3612 1.
1082 3560 1182 3611 Anders

103 3631 178 3680 omni
206 3643 269 3679 casu
297 3629 474 3693 reipublicae,
506 3634 562 3679 tum
587 3633 617 3680 in
669 3633 693 3693 2,
712 3633 753 3695 30,
773 3633 795 3682 1.
822 3658 852 3668 -
874 3634 1060 3694 mactantque
1077 3631 1179 3679 animo:

102 3696 170 3747 dello
189 3700 215 3746 et
229 3697 347 3746 manime
365 3696 448 3746 civili.
668 3697 795 3750 Verstaud
811 3696 864 3749 und
875 3695 975 3760 Gemdt,
993 3697 1017 3748 d.
1027 3696 1052 3749 h.
1065 3696 1105 3746 ihr
1116 3693 1182 3746 Ilen·

138 3766 161 3817 2.
181 3767 328 3816 menoare:
346 3762 516 3829 beobachten,
531 3763 618 3816 bewa-
668 3764 719 3817 ken
737 3765 790 3818 und
807 3766 847 3816 ihr
859 3763 1007 3816 Wimscheu
1026 3763 1089 3824 (ihre
1101 3776 1182 3827 gance

104 3831 178 3896 chen,
195 3831 246 3884 wie
263 3832 278 3950 ῗ
296 3835 312 3885 4
332 3831 449 3883 occultos
470 3834 560 3884 ecatus
576 3849 617 3884 aa·
668 3832 753 3897 Seele)
772 3848 826 3885 war
843 3831 889 3884 aul
905 3831 950 3882 das
968 3828 1182 3882 Verschiedenste

100 3903 217 3967 ament,
233 3914 286 3966 vg.
305 3904 329 3966 3,
347 3903 387 3966 28,
407 3903 431 3954 6.
668 3901 802 3966 gerichtet.
838 3899 864 3952 S.
883 3915 905 3950 z.
918 3897 948 3952 B.
965 3897 995 3952 B.
1013 3896 1042 3951 0.
1065 3901 1086 3963 1,
1100 3899 1141 3963 39,
1156 3901 1182 3960 1,
