2626 4416
130 249 134 255 ’
154 239 216 301 170
441 274 444 279 -
562 239 725 293 eruntne
743 240 835 293 ctvur

118 426 132 477 3
154 415 269 490 tandos,
285 423 443 494 pontones,
460 413 539 492 quod
552 422 596 474 est
607 431 702 493 genus
718 413 836 474 navium
848 412 1034 488 Gallicarum,
1051 412 1126 474 Lissi
1142 414 1239 475 relin-

155 501 233 580 quit,
255 501 313 560 hoe
336 498 475 572 oonsilio,
498 506 532 558 ut
547 499 571 559 si
587 500 664 560 forte
680 498 838 578 Pompeius
852 516 974 559 vacuam
989 497 1160 560 existimans
1176 499 1238 560 Ita-

154 587 223 648 liam
238 603 274 646 eo
288 583 452 644 traiecisset
467 583 643 659 exereitum,
667 601 742 662 quae
766 583 866 662 opinio
889 592 952 644 erat
967 584 1043 644 edita
1064 583 1095 642 iu
1117 584 1237 664 vulgus,

117 683 133 733 4
155 670 283 749 aliquam
298 669 404 730 Caesar
421 669 455 729 ad
468 669 688 747 insequendum
705 668 873 729 facultatem
888 668 1025 744 haberet,
1050 669 1236 749 nuntiosque

155 756 190 817 ad
206 773 274 816 eum
291 753 427 814 celeriter
440 753 537 827 mittit,
558 754 666 832 quibus
681 752 854 833 regionibus
869 755 1032 815 exercitum
1047 754 1237 834 exposuisset

154 849 184 901 et
199 840 270 920 quid
285 839 411 899 militum
425 838 644 900 transvenisset.
1024 842 1027 847 ’

239 921 296 990 30.
320 924 398 985 llaec
422 924 526 985 eodem
540 925 602 985 lere
624 933 758 1003 tempore
775 923 881 985 Caesar
903 934 990 1003 atque
1007 924 1165 1004 Pompeius
1181 943 1235 986 oo·

153 1018 312 1090 gnoscunt.
342 1009 416 1069 Nam
428 1017 644 1089 praetervectas
655 1008 843 1089 Apolloniam
854 1009 1130 1089 Dyrrhachiumque
1143 1029 1235 1072 naves

153 1096 295 1169 viderant,
312 1094 368 1173 ipsi
383 1093 439 1155 iter
454 1095 618 1155 seeundum
633 1113 682 1155 ees
697 1103 776 1154 terra
791 1095 968 1169 direxerant,
987 1095 1039 1156 sed
1055 1113 1114 1173 quo
1131 1103 1235 1157 essent

115 1193 132 1244 2
153 1200 204 1243 eae
219 1180 341 1253 delatae,
357 1179 461 1257 primis
476 1178 580 1240 diebus
591 1179 778 1258 ignorabant.
809 1179 992 1258 Cognitaque
1004 1198 1037 1239 re
1049 1180 1163 1241 diversa
1174 1180 1234 1242 sibi

145 1264 241 1327 ,ambo
257 1264 380 1326 consilia
395 1264 530 1342 capiunt:
553 1264 673 1340 Caesar,
696 1274 833 1343 utquam
855 1265 983 1343 primum
998 1284 1030 1326 se
1053 1283 1120 1325 cum
1136 1265 1233 1327 Anto-

153 1352 204 1411 nio
220 1346 429 1428 coniungeret;
453 1349 626 1428 Pompeius,
648 1358 682 1410 ut
703 1350 893 1411 venientibus
915 1351 946 1410 in
962 1350 1069 1410 itinere
1087 1370 1118 1411 se
1135 1369 1232 1431 oppo-

115 1448 131 1498 3
154 1444 253 1510 neret,
276 1435 300 1496 si
316 1434 520 1514 imprudentes
543 1453 577 1496 ex
600 1435 714 1496 insidiis
732 1434 841 1496 adoriri
865 1442 979 1514 posset,
1003 1436 1232 1514 eodemquedie

152 1529 279 1599 uterque
302 1538 404 1580 eorum
422 1539 457 1580 ex
472 1520 576 1582 eastris
590 1519 700 1582 stativis
714 1538 731 1580 a
746 1520 868 1582 llumine
883 1520 962 1599 Apso
979 1520 1141 1581 exereitum
1157 1522 1232 1582 edu-

153 1616 234 1681 cunt,
250 1605 408 1684 Pompeius
424 1605 498 1665 elam
516 1613 546 1666 et
557 1613 657 1679 noctu,
674 1605 780 1677 Caesar
790 1605 886 1684 palam
901 1614 989 1684 atque
1001 1605 1139 1666 interdiu.
1171 1607 1230 1668 Sed

115 1702 130 1753 t
152 1691 267 1752 Caesari
283 1690 409 1751 circuitu
424 1691 534 1751 maiore
546 1691 604 1751 iter
615 1697 677 1751 erat
692 1691 809 1769 longius
822 1692 942 1752 adverso
958 1691 1090 1765 flumine,
1106 1699 1141 1752 ut
1154 1693 1229 1753 vado

151 1777 278 1837 transire
293 1785 408 1854 posset:
427 1775 595 1856 Pompeius,
611 1776 679 1854 quia
695 1776 831 1855 expedito
846 1776 953 1837 itinere
968 1776 1078 1837 flumen
1092 1777 1118 1836 ei
1130 1783 1229 1838 trans·

149 1861 282 1923 eundum
294 1880 355 1921 uon
368 1869 439 1936 erat,
455 1861 569 1941 magnis
580 1860 737 1923 itineribus
748 1862 785 1921 ad
796 1862 958 1923 Antonium
974 1862 1128 1922 contendit
1139 1869 1227 1941 atque

184 2015 208 2063 3.
219 2015 359 2077 pontones,
371 2011 444 2077 quod
455 2016 493 2062 eet
501 2027 589 2077 genus
599 2029 660 2063 nav.
714 2011 844 2064 antwirle.
875 2011 911 2063 Da
930 2026 963 2062 an
980 2011 1025 2063 der
1036 2009 1168 2078 Mundung
1181 2011 1227 2064 des

150 2078 176 2131 S.
189 2095 221 2130 zu
236 2082 257 2143 l,
273 2083 311 2143 te,
326 2084 353 2131 l:
380 2079 572 2147 Sulmonenses,
591 2080 663 2146 qnod
712 2079 798 2147 Apsus
810 2079 886 2131 keine
896 2078 990 2131 Furten
1004 2093 1089 2130 waren
1102 2080 1155 2132 und
1168 2081 1227 2132 eine

149 2150 188 2197 est
205 2147 339 2212 oppidum.
366 2146 454 2199 isidor.
468 2146 508 2199 Or.
524 2151 563 2214 19,
581 2152 601 2212 t,
619 2163 660 2200 no.
713 2146 916 2214 Uberbn'ielrong
945 2146 1098 2199 unthunlieh
1129 2148 1227 2216 sehien,

150 2216 194 2267 24:
207 2216 367 2266 Pontonium
375 2218 516 2279 navigium
521 2216 662 2278 fluminale
712 2216 805 2268 mulste
818 2215 902 2277 Gisar,
915 2213 1007 2267 dessen
1019 2214 1100 2281 leger
1112 2216 1158 2268 auf
1168 2217 1228 2270 dem

150 2281 259 2333 tardum
277 2287 304 2332 et
323 2297 423 2347 paee,
446 2284 519 2348 quod
535 2299 589 2335 non
607 2285 662 2334 nise·
712 2283 846 2365 sudlielren
865 2281 973 2348 (linken)
991 2282 1053 2335 Uter
1076 2282 1122 2335 des
1140 2285 1228 2353 Apsus

148 2350 660 2486 'edtffettdddldmun
711 2349 1229 2486 illl‚llilslllllillllllllil‚lli

149 2484 293 2538 derScbiffe
303 2485 415 2552 folgend,
426 2487 476 2538 wie
482 2486 511 2539 B.
518 2486 658 2553 G.t,34,2:
713 2487 787 2540 einen
799 2485 937 2554 Ubergang
951 2486 996 2540 ani
1006 2487 1052 2538 das
1064 2487 1150 2540 rechte
1163 2488 1227 2542 Uler

147 2554 292 2606 seeundum
308 2555 408 2617 flumen
419 2555 520 2606 Elaver
531 2581 566 2602 =
576 2555 659 2622 linge.
712 2571 744 2606 zu
762 2554 856 2620 finden,
875 2556 998 2607 wdlnend
1014 2554 1161 2623 Pompeius,
1182 2557 1227 2610 der

175 2626 222 2674 lu.
230 2625 254 2674 3.
263 2625 660 2691 umbo,nntenuterqneeemm.
712 2622 1226 2689 nichtliberdenFlulszugehenbranch-

148 2689 198 2742 llas
211 2691 345 2742 diverse
358 2692 472 2743 consilia
484 2691 659 2759 eaperekann
711 2695 750 2756 te,
774 2691 806 2743 da
830 2692 884 2744 sein
904 2692 984 2757 Inger
1007 2691 1054 2742 auf
1070 2691 1127 2744 dem
1150 2694 1227 2746 mird-

147 2758 219 2810 nicht
230 2758 378 2823 vonjedem
390 2774 442 2811 von
452 2760 546 2812 beiden
559 2759 659 2812 einzeln
710 2760 795 2812 lichen
813 2757 875 2812 Uler
893 2760 980 2825 stand,
1000 2760 1154 2826 eepeditem
1171 2765 1227 2814 iter

147 2829 213 2890 (was
235 2831 346 2894 uterque
367 2827 498 2892 bedentet)
521 2830 659 2894 ausgesagt
712 2828 802 2893 (durch
826 2827 903 2880 keine
920 2827 1150 2893 Schwieriglreiten
1169 2830 1226 2882 anf-

147 2895 266 2960 werden,
288 2895 398 2947 sondern
415 2911 470 2950 ,nor
492 2910 542 2949 von
567 2896 658 2948 beiden
711 2895 842 2962 gehalten)
866 2897 944 2950 hatte.
970 2925 1005 2935 -
1030 2899 1093 2962 qnia
1116 2897 1226 2950 braucht

146 2978 294 3015 zusammen
313 2964 422 3031 (ambo),
447 2963 516 3016 wohl
534 2963 595 3016 aber
613 2963 658 3017 das
711 2965 787 3016 Gaser
811 2969 885 3017 sonst
906 2964 1026 3030 ningends
1045 2964 1151 3030 (llirtius
1177 2983 1226 3020 nur

147 3035 295 3083 exercitum
312 3032 430 3084 educere.
465 3032 520 3084 Liv.
536 3035 577 3096 28,
591 3036 615 3097 9,
628 3035 657 3085 a:
711 3036 735 3097 8,
745 3035 835 3098 23,4);
853 3032 921 3085 deun
935 3035 1048 3106 untenp.
1059 3035 1122 3095 85,1
1138 3033 1225 3087 baben

146 3099 342 3165 supplicatione
358 3102 497 3151 amborum
514 3098 621 3152 nomine
633 3105 660 3151 et
710 3100 752 3153 die
770 3101 861 3152 besten
872 3099 1011 3152 Handschr.
1030 3103 1077 3165 qui
1093 3129 1127 3138 —
1145 3103 1225 3154 babe-

148 3168 282 3232 triumpdo
294 3170 403 3233 relnque
415 3169 573 3234 deerete.„—-
585 3173 658 3220 uter-
710 3171 768 3234 bat,
788 3168 860 3220 nieht
878 3171 950 3233 qree‘a.
967 3196 1002 3207 —
1019 3168 1057 3219 ed
1071 3169 1224 3222 Antonium

147 3247 198 3300 qne
215 3250 307 3286 eorum
331 3237 487 3288 educunt.
523 3235 591 3288 Uber
608 3236 658 3288 den
709 3237 854 3288 contendit.
868 3234 1223 3291 ‘Diesermuisteeinesolcbe

146 3302 233 3354 Plural
251 3317 271 3355 s.
284 3317 316 3353 zu
329 3304 353 3368 2,
366 3307 390 3367 6,
404 3307 432 3364 5;
450 3319 478 3356 er
494 3305 530 3356 ist
541 3304 597 3356 hier
614 3319 658 3356 um
708 3303 929 3370 Marscbricbtung
942 3304 1115 3370 einsehlagen‚
1128 3305 1184 3358 dals
1195 3323 1223 3359 er

147 3369 365 3436 soaullallender,
379 3371 659 3423 dadnrehdashinzu·
709 3372 750 3425 die
776 3371 974 3438 Ktistenpunkte
1000 3374 1139 3439 meglicbst
1164 3391 1223 3427 ver-

145 3438 251 3505 geldgte
264 3454 356 3489 eorum
374 3439 418 3490 der
429 3438 528 3505 Begrill
540 3438 584 3490 der
595 3438 657 3492 Ver·
708 3439 784 3505 mied,
794 3440 1222 3496 weildieselbenzwiscbenLissus

146 3506 281 3572 einzelnng
304 3507 330 3558 in
354 3512 468 3573 uterque
494 3506 560 3558 noch
585 3507 657 3560 mehr
708 3508 760 3561 und
773 3508 830 3560 dem
842 3509 927 3575 Apsus
941 3523 1005 3574 ganz
1023 3509 1049 3560 in
1063 3509 1107 3562 der
1119 3509 1221 3563 Gewalt

145 3575 301 3627 hervortritt.
320 3577 657 3641 3,to,1:uterqeeeomm
708 3576 753 3629 dea
771 3575 909 3645 Pompeius
927 3592 1014 3629 waren
1032 3578 1083 3629 und
1101 3578 1156 3630 ihre
1171 3578 1222 3631 Bc-

145 3643 276 3697 stndedat.
293 3672 327 3681 —
344 3645 369 3695 si
382 3649 488 3711 posset.-
508 3647 531 3709 t,
544 3648 567 3710 5,
580 3649 606 3697 5.
623 3672 657 3682 -
708 3649 863 3711 sataungen,
889 3645 1072 3698 insbesondere
1099 3646 1141 3699 die
1167 3663 1220 3700 von

146 3728 163 3763 o
180 3714 291 3775 flumine
307 3713 395 3778 Apso:
413 3726 435 3764 e.
455 3714 494 3775 19,
516 3715 537 3766 l.
706 3713 900 3781 Dyrrhachium,
910 3713 1164 3782 seineVereinignng
1172 3715 1220 3769 mit

181 3784 205 3833 4.
223 3780 334 3832 adverso
345 3783 456 3844 (turnino
472 3781 544 3833 nicht
556 3780 596 3833 ‘de
612 3779 657 3833 der
708 3781 785 3833 Gisar
807 3781 938 3834 anibalten
961 3781 1083 3835 lronnten.
1118 3783 1152 3834 Er
1169 3799 1221 3852 zog

146 3847 216 3900 Flnle
228 3849 281 3901 ihm
299 3852 435 3915 entgegeu,
453 3848 574 3902 leiudlieb
587 3851 657 3914 war',
708 3849 786 3901 daher
798 3851 864 3902 ohne
876 3849 983 3902 Zweilel
994 3866 1046 3902 von
1055 3849 1143 3903 bissus
1155 3851 1221 3905 uber

145 3915 256 3968 sondern
274 3918 324 3969 wie
343 3916 372 3970 B.
385 3916 413 3970 G.
427 3920 451 3984 ἵ,
463 3921 504 3983 60,
518 3921 546 3971 3:
564 3921 656 3969 strom·
707 3917 830 3970 Bassania
848 3920 893 3971 das
911 3917 976 3971 'l'hal
993 3917 1039 3970 des
1057 3917 1144 3972 Hieme
1163 3920 1221 3973 hin-
