2626 4416
559 236 597 290 lll.
618 241 725 292 tt—ta.
1118 240 1179 300 155

106 415 243 486 Quorum
272 412 390 491 cognita
410 413 563 472 voluntate
585 412 660 472 olam
687 413 821 495 profugit
842 413 999 491 Apollonia
1022 415 1218 478 Staberius.3

107 499 153 561 llli
175 499 210 559 ad
226 498 378 559 Gaesarem
400 497 513 577 legatos
534 496 656 558 mittunt
669 498 839 577 oppidoque
855 499 1013 577 recipiunt.
1050 501 1112 562 llos
1133 519 1182 565 se·
1203 517 1219 560 4

108 593 241 663 quuntur
251 582 444 657 Bullidenses,
459 581 611 642 Amantini
621 592 652 644 et
662 583 794 660 reliquae
808 583 949 644 finitimae
961 584 1091 646 unitates
1104 594 1181 648 tota-

108 687 166 748 que
180 667 287 747 Epiros
301 676 331 729 et
344 668 448 747 legatis
463 667 499 728 ad
516 667 668 728 Gaesarem
683 667 789 742 missis,
804 686 880 747 quae
895 669 1068 748 imperaret,
1085 673 1181 733 lactu·

105 773 155 816 ros
167 752 358 833 pollicentur.

191 835 250 904 18.
274 839 312 898 ht
326 836 485 916 Pompeius
500 835 627 914 cognitis
637 835 685 896 his
697 835 795 909 rebus,
811 854 886 915 quae
902 846 987 898 erant
998 837 1079 899 Orici
1092 847 1181 918 atque

105 919 281 1003 Apolloniae
296 929 409 1000 gestae,
433 920 614 1001 Dyrrhachio
630 920 753 996 timens,
776 921 891 982 diurnis
911 939 948 982 eo
966 924 1180 1003 nocturnisque

103 1007 263 1069 itineribus
273 1006 435 1068 contendit.
462 1006 558 1066 Simul
569 1005 675 1067 Caesar
685 1006 927 1086 appropinquare
938 1006 1099 1081 dicebatur,
1113 1017 1180 1070 tan-
1203 1021 1217 1071 2

104 1101 214 1170 tueque
228 1099 325 1152 terror
339 1090 443 1152 incidit
460 1091 524 1152 eius
538 1091 697 1164 exercitui,
715 1093 793 1170 quod
808 1108 974 1170 properans
988 1100 1108 1153 noctem
1122 1094 1180 1154 diei

105 1177 303 1238 coniunxerat
317 1194 415 1255 neque
428 1177 486 1238 iter
500 1176 714 1250 intermiserat,
738 1184 771 1236 ut
793 1193 888 1255 paene
911 1194 1016 1238 omnes
1039 1195 1074 1237 ex
1088 1177 1181 1258 Epiro

105 1261 298 1340 finitimisque
311 1261 483 1340 regionibus
498 1262 582 1341 signa
596 1261 812 1340 relinquerent,
831 1262 999 1341 complures
1014 1280 1094 1323 arma
1109 1281 1179 1342 pro-

105 1346 221 1408 icerent
239 1364 273 1406 ac
291 1346 378 1425 fugae
401 1347 494 1408 simile
509 1347 569 1407 iter
582 1346 739 1407 videretur.
769 1347 826 1407 Sed
850 1365 919 1408 cum
941 1366 1036 1426 prope
1052 1348 1181 1428 Dyrrha·
1203 1359 1217 1409 3

105 1431 204 1492 chium
216 1431 375 1511 Pompeius
385 1432 567 1493 constitisset
581 1439 734 1509 castraque
748 1431 854 1492 metari
865 1431 1005 1507 iussisset,
1020 1434 1180 1511 perterrito

106 1516 193 1576 etiam
207 1516 421 1577 tumexcrcitu
434 1517 576 1596 princeps
590 1515 739 1577 Labienus
757 1516 893 1595 procedit
907 1517 1045 1595 iuratque
1065 1537 1097 1579 se
1112 1538 1179 1580 eum

104 1620 167 1663 non
191 1602 379 1662 deserturum
393 1603 581 1680 eundemque
595 1619 695 1662 casum
713 1600 896 1676 subiturum,
920 1619 1138 1680 quemcumque
1152 1604 1180 1664 ei

103 1687 226 1747 fortuna
237 1684 398 1747 tribuisset.
421 1686 484 1747 Huc
496 1686 572 1747 idem
584 1686 691 1764 reliqui
702 1686 802 1747 iurant
812 1686 915 1765 legati3
928 1685 1181 1768 tribunimilitnm
1200 1699 1217 1748 t

104 1770 356 1849 centurionesque
378 1779 563 1850 sequuntur,
591 1779 679 1849 atque
705 1770 783 1831 idem
805 1771 903 1832 omnis
925 1770 1072 1832 exercitus
1093 1771 1179 1832 iurat.

105 1856 211 1918 Cacsar
232 1865 449 1935 praeoccupato
472 1856 579 1916 itinere
600 1854 636 1916 ad
651 1855 865 1935 Dyrrhachium
887 1857 978 1916 tinem
998 1856 1181 1934 properandi
1201 1868 1216 1918 5

105 1941 176 2000 facit
189 1948 344 2018 castraque
359 1942 395 2000 ad
409 1941 520 2002 flumen
536 1941 648 2020 Apsum
662 1940 748 2020 ponit
762 1941 794 2000 in
810 1940 920 2001 tinibus
935 1940 1177 2019 Apolloniatium,

102 2033 139 2086 ut
154 2024 280 2086 castellis
293 2025 457 2104 uigiliisque
472 2025 551 2086 hene
565 2027 688 2086 meritae
703 2024 835 2086 civitates
849 2034 930 2086 tutae
945 2034 1061 2101 essent,
1080 2025 1180 2105 ibique

104 2110 285 2188 reliquarum
301 2127 337 2170 ex
352 2109 434 2171 ltalia
454 2110 606 2189 legionum
620 2109 778 2171 adventum
794 2119 965 2190 exspectare
981 2118 1011 2170 ot
1024 2110 1079 2172 suh
1095 2110 1181 2190 pelli·

105 2278 194 2343 pridie
206 2280 403 2329 commisissent.
420 2275 617 2343 Mansagtaber
669 2276 757 2328 diesen
777 2275 835 2341 Ort,
854 2291 895 2327 wo
914 2276 965 2327 alle
985 2276 1180 2344 Kriegsvorrite

106 2346 171 2396 auch
190 2350 284 2396 contra
303 2360 400 2412 qnam
422 2360 445 2397 z.
463 2343 491 2396 B.
516 2344 566 2396 Cic.
584 2344 617 2397 de
668 2344 714 2396 der
735 2342 903 2410 Pompeianer
929 2344 1056 2412 vereinigt
1082 2361 1178 2411 waren,

106 2413 156 2480 leg.
176 2416 204 2479 2,
223 2416 252 2464 5:
279 2416 374 2464 contra
390 2411 512 2478 faciunt,
536 2428 617 2480 quom
668 2428 701 2464 an
718 2412 856 2463 erreichen.

39 2497 41 2501 ’
102 2479 223 2547 professi
239 2486 310 2532 sunt.
703 2482 726 2533 2.
745 2483 811 2544 ains,
826 2479 851 2531 d.
870 2479 887 2531 i.
906 2478 1026 2546 Pompei,
1051 2480 1097 2532 der
1114 2480 1179 2532 auch

141 2552 165 2600 3.
184 2549 333 2614 oppidoque
348 2551 491 2614 receptent,
509 2546 555 2600 das
567 2548 618 2600 (ll)-
669 2546 780 2610 Subjekt
791 2563 823 2599 zu
838 2549 1019 2598 coninnoeerat
1034 2547 1086 2599 und
1099 2550 1180 2599 inter-

104 2615 163 2678 J‘elrt
174 2615 310 2667 wesarnn
322 2616 356 2667 ist
367 2630 414 2668 aus
425 2614 483 2667 dem
493 2614 616 2681 Vorherq.
665 2618 779 2665 miserat
796 2614 837 2665 iot.
852 2641 886 2653 -
901 2615 974 2678 qnod
980 2629 1134 2680 properans
1146 2645 1180 2652 —

106 2698 138 2734 nu
158 2682 340 2747 wiedemoten,
358 2682 415 2734 wie*
428 2698 451 2734 c.
469 2686 514 2747 tt,
533 2686 563 2735 4:
588 2698 617 2733 eo
668 2685 856 2732 intermiserat.
873 2679 1181 2746 Dieangeordnetenllil·

103 2753 137 2801 in
149 2749 258 2801 ltaliam
269 2755 402 2817 revocato,
417 2753 470 2800 sibi
481 2751 619 2802 adiunxit.
665 2749 785 2801 ‘mirsehe
798 2748 906 2814 zeigten,
923 2749 973 2800 wie
1003 2749 1126 2802 ethhrlioh
1139 2751 1180 2803 alie

109 2821 154 2882 28,
173 2820 201 2870 2:
223 2832 305 2869 naues
328 2819 469 2868 samarias
490 2818 618 2884 quasdem
667 2816 895 2882 -mudungtlisans
912 2815 970 2868 (lem
983 2764 1178 2870 gherleldherrn

102 2891 203 2937 noetus
224 2886 352 2937 incendit.
381 2884 411 2938 B.
430 2884 459 2936 G.
484 2889 508 2949 t,
530 2887 571 2950 81,
588 2890 618 2937 l:
667 2900 701 2936 nu
720 2884 775 2936 sein
793 2884 888 2935 schien.
947 2944 950 2949 Ι

107 2956 273 3020 datnpnnm
288 2954 620 3018 suis-mengetoriuat·
704 2955 728 3005 3.
753 2955 843 3003 cadro
860 2954 958 3002 mnaso
977 2951 1085 3004 maueht
1103 2953 1180 3006 Cisar

107 3039 157 3091 que
175 3039 210 3073 ec
227 3023 326 3091 oppido
344 3022 435 3072 edocit
450 3037 475 3074 u.
494 3024 518 3073 o.
666 3035 718 3072 nur
734 3019 797 3071 hier.
814 3015 845 3072 B.
857 3017 887 3070 G.
900 3022 925 3081 8,
938 3021 978 3083 ta,
991 3021 1014 3072 2.

142 3095 166 3145 4.
191 3104 260 3158 quoe
276 3093 475 3157 imperaret,
494 3086 619 3152 facturos
703 3092 728 3140 5.
739 3091 938 3154 praeoccupato
947 3089 1058 3138 itinere.-
1070 3088 1180 3141 nimlieh

100 3160 276 3226 pollicentur.
311 3157 384 3210 Naeh
407 3157 491 3210 einem
517 3157 620 3209 histori-
666 3156 880 3223 ronPompoius.
902 3153 1020 3208 lladuroh
1033 3155 1121 3208 werde
1134 3157 1180 3209 Gi·

101 3228 186 3279 schen
198 3226 307 3279 Priscus
322 3225 394 3279 'kann
411 3226 475 3278 auch
494 3225 540 3277 der
551 3222 619 3278 lion-
666 3237 725 3276 uois
742 3223 807 3276 Plan
829 3223 947 3275 vereitelt
971 3223 1024 3276 und
1042 3237 1069 3275 er
1086 3224 1180 3278 mnsste

66 3334 69 3345 .
100 3293 211 3358 inolitis
226 3293 372 3360 Imperleeti
390 3293 452 3346 oder
468 3292 619 3414 Plusqpam-
665 3291 728 3344 *troh
745 3292 808 3356 sein,
822 3290 882 3343 asts
896 3290 1035 3359 Pompeius
1052 3291 1097 3344 ihn
1108 3294 1180 3346 nicht

108 3360 217 3427 perlecti
229 3362 331 3423 stehen3
347 3376 369 3412 s.
382 3361 411 3414 B.
424 3361 453 3415 B.
464 3361 493 3414 G.
506 3366 531 3428 l,
556 3364 618 3425 0,2:
670 3374 715 3413 sur
732 3359 855 3412 Schlaeht
877 3374 982 3426 zwsng,
1005 3361 1086 3413 beror
1107 3363 1179 3414 seiae

110 3444 188 3546 quotz
195 3430 342 3547 impar-(prag
356 3445 384 3550 ⁸3⁸
400 3428 533 3550 {griffi
540 3429 618 3495 polil-
667 3427 915 3546 hhrigenlsegippen
927 3427 1114 3549 anqehppupen
1126 3445 1181 3482 wa-

108 3510 175 3616 ξῖἑιι
189 3510 279 3628 zuph,
296 3565 326 3615 2:
344 3533 413 3630 qn’ae
430 3512 618 3631 inspergere-{3¹}
664 3511 748 3616 {lagiae
764 3510 1181 3630 Jaedgpqgiliseocmninlffla

108 3636 167 3694 rit,
185 3630 348 3693 refecturus
360 3632 533 3699 pollicentur.
550 3619 619 3684 llher
670 3649 687 3682 a
712 3632 825 3684 Caesare
849 3634 1013 3683 tenebantur.
1043 3631 1095 3684 llio
1118 3635 1181 3684 bens

106 3697 262 3753 dieFormel
280 3714 349 3766 qnae
367 3702 460 3765 imper.
474 3697 538 3760 fact.
552 3699 619 3766 poll.
669 3703 782 3752 suntme
809 3702 930 3750 eiottotas
959 3698 1018 3750 siud
1040 3699 1180 3767 ¹Apollonia

108 3784 129 3820 s.
147 3784 180 3820 zu
201 3771 276 3832 1,60,
290 3772 312 3820 l.
364 3801 367 3808 »
670 3767 724 3819 und
741 3766 850 3819 Oricum.
868 3794 903 3804 -
919 3769 967 3816 nab
989 3767 1106 3832 pallshns
1128 3769 1182 3818 hie-

141 3833 186 3891 lt.
205 3840 227 3889 l.
245 3836 419 3904 Dyrrhachio
431 3837 535 3900 umens,
552 3834 620 3886 tlenn
670 3850 761 3886 usare:
778 3836 805 3886 in
818 3833 919 3897 Zelten,
932 3834 984 3885 wie
1001 3834 1028 3885 in
1044 3834 1094 3887 (len
1108 3833 1181 3888 Som-

110 3902 248 3971 sllerliugs
266 3904 357 3957 suehte
375 3903 452 3955 Cisar
471 3916 518 3953 vor
535 3901 618 3954 hllem
663 3902 882 3967 merlehllaqern,
907 3916 937 3953 so
954 3900 1010 3953 (lais
1031 3902 1087 3955 also
1105 3903 1181 3958 hcine
