2626 4416
160 276 221 337 124
555 278 596 331 oa
613 277 716 357 sumo
734 278 827 331 crum

158 452 314 513 adventum
330 451 363 512 L.
376 451 482 513 Caesar
496 452 574 514 iilius
589 471 656 514 eum
668 471 687 512 a
698 451 796 531 longis
811 450 935 513 navibus
947 451 982 511 ad
993 451 1132 531 Clupeam
1144 469 1232 533 prae-

157 536 278 612 stolans,
294 555 367 615 quas
378 555 466 598 naves
476 538 579 599 Uticae
590 556 626 598 ex
636 538 820 618 praedonum
831 536 910 597 bello
921 535 1079 598 subductas
1090 536 1123 596 P.
1135 537 1234 598 Attius

157 622 331 683 reficiendas
352 622 441 684 huius
455 622 525 683 belli
539 641 626 684 eausa
642 629 808 697 curaverat,
832 621 941 683 veritus
963 621 1080 682 navium
1098 622 1232 683 multitu·

157 707 256 768 dinem
272 726 307 767 ex
322 708 381 768 alto
396 709 559 787 refugerat,
583 708 764 789 appulsaque
784 707 820 768 ad
842 707 1010 786 proximum
1026 706 1095 768 litus
1109 708 1232 768 trireme

119 802 135 851 4
157 800 304 854 constrata
320 793 395 852 etin
411 792 496 854 litore
511 792 612 854 relicta
634 793 759 873 pedibus
773 791 967 852 Adrumetum
987 792 1167 871 perfugerat.
1197 792 1231 854 ld

158 877 300 957 oppidum
315 877 346 939 C.
363 877 518 939 Considius
533 878 655 957 Longus
669 878 759 940 unius
773 877 899 955 legionis
914 876 1059 956 praesidio
1082 876 1230 939 tuebatur.

156 962 297 1040 Reliquae
319 962 450 1024 Caesaris
476 981 564 1024 naves
589 963 652 1025 eius
674 964 742 1043 iuga
764 982 796 1024 se
819 963 1014 1023 Adrumetum
1038 970 1230 1042 receperunt.

119 1055 133 1105 5
155 1046 242 1108 Hunc
257 1055 377 1109 secutus
392 1047 519 1109 Marcius
533 1048 628 1109 Rufus
649 1057 789 1128 quaestor
803 1046 926 1108 naribus
942 1066 999 1121 xu,
1022 1065 1095 1126 quas
1116 1047 1231 1127 praesi-

156 1132 204 1193 dio
220 1132 365 1193 onerariis
383 1132 506 1194 navibus
521 1132 609 1193 Curio
626 1151 662 1194 ex
677 1133 776 1195 Sicilia
791 1131 946 1211 eduxeratl,
969 1140 1125 1211 postquam
1147 1132 1178 1193 in
1195 1132 1230 1192 li-

155 1227 221 1277 tore
241 1217 372 1277 relictam
388 1235 490 1277 navem
506 1218 675 1296 conspexit,
696 1220 773 1279 banc
788 1217 920 1279 remulco
934 1215 1091 1293 abstraxit3
1114 1217 1178 1299 ipse
1194 1219 1230 1278 ad

156 1301 314 1362 Curionem
330 1300 505 1363 cumulasse
517 1302 602 1362 redit.
843 1310 848 1323 '

239 1381 299 1449 24.
323 1385 411 1446 Curio
426 1386 568 1447 Marcium
583 1387 698 1448 Uticam
715 1386 837 1448 navibus
851 1386 1013 1466 praemittit
1019 1405 1028 1462 ;
1046 1386 1109 1465 ipse
1124 1387 1230 1447 eodem

156 1488 224 1530 cum
247 1470 378 1532 exercitu
400 1472 600 1551 proficiscitur
620 1471 762 1551 biduique
784 1471 841 1533 iter
861 1490 1038 1553 progressus
1060 1471 1096 1532 ad
1117 1472 1229 1533 flumen

118 1561 133 1612 ‘a
155 1555 317 1635 Bagradam
331 1556 475 1634 pervenit.
511 1555 557 1618 lbi
573 1558 604 1619 C.
620 1552 777 1618 Cadianum
791 1556 930 1618 Rebilum
951 1557 1081 1636 legatum
1103 1574 1171 1616 cum
1185 1557 1230 1618 ie-

155 1641 293 1720 gionibus
316 1641 451 1720 reliquit3
474 1642 538 1722 ipse
560 1661 628 1703 cum
643 1642 775 1720 equitatu
798 1641 945 1703 antecedit
960 1641 996 1702 ad
1016 1649 1110 1703 castra
1126 1641 1231 1721 explo-

154 1727 245 1786 randa
262 1725 452 1801 Corneliana,
476 1727 555 1806 quod
578 1728 603 1788 is
624 1727 708 1788 locus
729 1727 909 1806 peridoneus
930 1727 1034 1788 castris
1055 1725 1229 1787 habebatur.

117 1817 131 1868 3
153 1809 186 1870 ld
200 1819 299 1872 autem
314 1819 358 1872 est
375 1811 476 1892 iugum
491 1813 637 1873 directum
652 1813 787 1873 eminens
802 1811 833 1872 in
848 1831 938 1886 mare,
954 1817 1080 1890 utraque
1095 1830 1131 1871 ex
1146 1820 1230 1891 parte

153 1904 347 1975 praeruptum
363 1905 451 1975 atque
466 1915 617 1976 asperum,
640 1898 691 1959 sed
707 1906 805 1958 tamen
821 1897 909 1977 paulo
924 1897 1039 1958 leniore
1060 1895 1175 1976 fastigio
1193 1897 1228 1957 ab

116 1989 132 2040 4
153 1998 186 2040 ea
201 1989 301 2059 parte,
325 1999 400 2060 quae
415 1982 451 2042 ad
466 1982 580 2044 Uticam
595 1982 698 2062 vergit.
727 1981 819 2044 Abest
836 1982 948 2043 directo
964 1981 1070 2043 itinere
1093 1980 1129 2041 ab
1145 1981 1231 2042 Utica

153 2065 241 2144 paulo
264 2065 390 2145 amplius
404 2084 509 2145 passus
524 2066 613 2128 mille.
644 2067 701 2129 Sed
715 2067 773 2127 boc
787 2067 893 2129 itinere
909 2076 954 2128 est
968 2067 1050 2142 lons,
1073 2084 1133 2145 quo
1149 2085 1230 2128 mare

152 2181 203 2234 bei.
236 2180 280 2231 leh
298 2181 406 2247 glaube,
428 2196 457 2233 es
474 2182 519 2234 bat
536 2183 595 2234 sehr
611 2183 663 2235 viel
716 2181 859 2247 Gegensatz
877 2183 1007 2235 dedecere
1023 2185 1063 2246 (in
1080 2185 1173 2250 mare).

154 2248 228 2299 tieler
245 2248 279 2299 im
295 2248 495 2315 Carthagischen
512 2249 664 2303 bleerbusen
749 2253 774 2303 4.
794 2250 820 2302 C.
834 2250 974 2302 Considiae
984 2250 1095 2315 Longus
1108 2265 1162 2303 war
1177 2250 1230 2302 frn-

153 2316 271 2382 geiegen,
289 2317 445 2383 wenigstens
460 2317 527 2368 beim
545 2334 665 2385 promun-
714 2318 761 2370 ber
777 2316 915 2384 Proprdtor
937 2333 989 2371 von
1006 2318 1100 2371 Africa.
1119 2345 1153 2356 -
1170 2321 1230 2370 eice

153 2383 246 2435 torium
264 2383 392 2445 Herculis3
417 2384 483 2435 deun
506 2384 548 2437 die
565 2385 665 2438 Eutier-
713 2385 973 2454 lbga=postquam
985 2386 1063 2452 fugin
1082 2389 1227 2452 s.1,18‚o:

153 2466 224 2518 nung
241 2451 287 2503 des
300 2451 492 2518 Sprunerseben
504 2453 663 2521 Anquillaria
709 2455 840 2505 ‘adventa

152 2534 204 2573 von
234 2519 292 2572 dem
318 2519 388 2572 Finis
416 2518 532 2586 Bagrada
562 2522 664 2589 betrigt
744 2519 1229 2589 5.reinuleoabsirubereinsScblepp·

151 2587 278 2654 ungemar
301 2589 394 2650 soom
417 2588 544 2642 rbmiscbe
568 2588 664 2643 Scbritt
714 2594 758 2642 iau
772 2589 1044 2656 nebmen,bugaieren,
1060 2585 1227 2657 ῥυμουλκεῖν.

152 2655 204 2707 und
217 2655 287 2708 diese
299 2655 350 2708 soll
361 2655 436 2708 Curio
454 2657 502 2709 mit
513 2657 571 2710 dem
583 2658 664 2711 lleere
748 2655 796 2712 24.
814 2661 837 2712 2.
856 2663 945 2709 caetra
965 2657 1124 2710 Corneliana
1143 2662 1174 2725 (c.
1185 2662 1227 2722 30,

152 2723 179 2775 in
191 2724 256 2776 zuei
268 2722 357 2790 Tagen
375 2724 560 2793 zurdckgelegt
571 2727 663 2792 baben,
716 2728 731 2778 3
749 2742 775 2779 u.
788 2728 856 2789 ΒΜ
875 2731 965 2777 caetra
984 2726 1118 2790 Cornelia)
1136 2739 1166 2777 so
1184 2741 1228 2792 ge·

152 2791 275 2844 wibrend
286 2792 353 2843 nacb
361 2791 391 2844 B.
401 2792 427 2844 C.
438 2797 461 2859 3,
471 2797 504 2847 io
514 2795 556 2846 ein
567 2795 664 2847 iustum
715 2798 795 2846 naant
813 2809 871 2846 auin
885 2793 1027 2847 Andenken
1046 2809 1078 2847 an
1095 2792 1145 2845 den
1163 2794 1228 2846 iite-

151 2859 200 2912 iter
221 2861 263 2912 ein
280 2859 452 2926 ‘lagemarscb
468 2876 519 2914 von
538 2862 664 2928 ungetabr
714 2875 760 2913 ren
777 2860 880 2928 Scipio,
905 2862 950 2914 der
966 2863 1001 2914 im
1026 2861 1136 2913 aweiten
1153 2864 1229 2929 puni·

152 2929 245 2993 20,0oo
258 2927 429 2982 Sebrittwar.
455 2929 529 2982 Aucb
541 2931 663 2982 scbeinen
714 2929 794 2981 seben
816 2929 909 2997 Kriege
932 2929 989 2981 dori
1011 2929 1053 2982 ein
1070 2929 1152 2995 Lagea
1172 2929 1229 2981 anf-

152 2994 194 3047 die
221 2995 311 3048 Worte
339 2997 442 3048 duobus
466 3001 664 3064 promontoriis
714 2997 806 3064 scblug
829 2998 882 3050 und
900 2997 955 3050 sich
972 2996 1153 3057 verscbanzte3
1171 2996 1225 3050 Liv.

152 3067 305 3115 continetur
319 3065 386 3116 zwei
396 3063 556 3132 Vorgebirge
573 3083 605 3118 an
618 3068 663 3119 be-
714 3067 756 3131 29,
768 3069 809 3130 35,
827 3069 868 3118 13:
888 3065 982 3116 Castra
994 3067 1106 3116 bibone
1117 3068 1148 3116 in
1159 3081 1227 3130 pro-

152 3130 282 3196 zeicbnen,
300 3131 399 3184 welche
411 3133 455 3184 der
467 3133 555 3186 Rbede
568 3133 662 3187 Scbutz
713 3135 859 3197 montorio,
878 3133 951 3199 qaod
968 3137 1042 3184 moui
1058 3136 1124 3197 iugo
1142 3136 1228 3184 eonti-

152 3199 662 3269 gewibrteu,unddaskdnnenunmdg·
713 3203 790 3251 emti
818 3201 966 3252 adhaerens
994 3203 1024 3251 in
1056 3202 1227 3265 aliquantum

150 3264 202 3316 lich
219 3265 261 3317 die
284 3265 377 3317 beiden
396 3283 446 3319 von
465 3267 560 3320 Kreuer
586 3284 664 3336 ange·
713 3271 926 3334 manispraetium
936 3269 1099 3333 ostenditur,
1111 3284 1227 3320 eommu-

151 3333 267 3398 gebenen
285 3334 347 3386 sein.
377 3333 594 3402 DieEntiernung
610 3353 661 3390 von
714 3339 757 3386 nit
773 3334 890 3403 (Scipio).
920 3335 948 3388 lu
966 3335 1011 3388 der
1022 3334 1094 3388 Nibe
1112 3351 1166 3388 war
1184 3337 1226 3388 ein

116 3456 121 3464 ,
151 3399 246 3466 Clupea
264 3400 347 3452 bleibt
364 3402 418 3453 sich
436 3403 558 3469 libripens
569 3405 661 3471 gleicb,
713 3404 853 3471 bequemer
880 3404 972 3467 llaien,
999 3405 1027 3456 in
1053 3403 1111 3456 dem
1138 3403 1226 3472 Scipio

150 3482 210 3534 mag
226 3483 286 3520 man
302 3467 352 3520 den
370 3468 415 3522 Ort
431 3470 497 3523 bier·
515 3473 577 3525 oder
593 3473 663 3526 doit
713 3472 784 3524 scine
801 3472 888 3525 Flotte
904 3472 990 3539 liegen
1008 3471 1074 3525 lieis.

151 3535 195 3588 bin
213 3536 343 3603 verlegen.
748 3543 771 3594 3.
785 3542 871 3607 patilo
888 3542 989 3592 leniora
1004 3539 1135 3605 fastigio:
1156 3544 1226 3606 Mb,

186 3604 662 3672 3.1..0aesarfiam‚wie1,8,a
713 3612 744 3670 53
763 3611 786 3672 2,
807 3612 846 3673 10,
865 3612 889 3662 3.

152 3672 250 3725 Caesae·
272 3673 434 3724 adulescens.
457 3700 492 3712 -
515 3689 550 3724 ea·
575 3674 662 3740 (nach)
747 3680 771 3730 4.
787 3676 859 3742 fone,
877 3692 1017 3742 quomare
1032 3677 1152 3728 succedit
1168 3677 1226 3727 lmi-

145 3742 315 3806 praedonam
336 3743 419 3793 bello.-
442 3741 500 3794 dem
517 3756 570 3793 ron
587 3741 664 3795 Pom·
710 3746 782 3809 gius.
817 3745 845 3796 ln
863 3744 908 3798 der
925 3743 1077 3811 Verbelung
1094 3745 1225 3796 ewiscben

150 3809 224 3873 peius
241 3809 366 3863 imJabre
380 3813 412 3865 67
431 3809 589 3877 heendigten
602 3808 663 3862 See·
712 3811 758 3865 der
780 3811 855 3864 Stadt
878 3811 931 3866 und
954 3812 1003 3866 deu
1028 3812 1123 3864 Castra
1146 3812 1226 3865 Corn.

149 3876 543 3944 cellerariae-modoetiae.
561 3877 590 3931 B.
599 3877 661 3943 (1.4,
712 3879 798 3947 dringt
821 3880 868 3934 das
892 3880 962 3934 bleer
983 3879 1063 3933 durch
1086 3880 1143 3931 eine
1167 3878 1226 3932 dort

150 3945 230 4010 29,2;
246 3947 475 4012 quosinaridum
483 3948 660 3999 subduoeerai.
712 3947 846 4002 illabendo
869 3948 960 4010 Unelle
985 3946 1051 4000 nach
1078 3948 1225 4016 (mdia),
