2626 4416
535 240 574 296 111.
592 244 655 296 41-
661 244 703 297 49.
1098 240 1157 302 187
1169 303 1171 306 ,

84 419 123 480 ab
136 415 284 497 operibus,
300 415 379 495 quod
390 416 555 495 appellatur
566 418 662 492 chara,
678 417 758 496 quod
773 417 934 477 admixtum
948 418 1023 478 lacte
1034 418 1159 479 multum

86 504 216 584 inopiam
227 501 349 563 levabat.
378 502 410 562 ld
422 502 455 560 ad
470 501 690 562 similitudinem
706 502 792 581 panis
803 502 984 563 efficiebant.
1014 502 1086 563 Eius
1098 511 1161 563 erat
1182 512 1197 562 2

83 607 191 668 magna
203 587 295 666 copia.
325 584 369 646 Ex
380 587 437 646 boc
450 587 570 646 effectos
582 604 683 664 panes,
698 605 766 647 curn
777 588 808 648 in
820 587 975 665 colloquiis
987 588 1160 666 Pompeiani

85 676 190 735 tamem
207 672 317 733 nostris
332 672 523 744 oblectarent,
538 670 625 749 vulgo
638 671 668 732 in
681 689 733 732 eos
743 672 898 746 iaciebant,
914 681 947 733 nt
958 691 1041 753 spem
1056 690 1158 733 eorum

83 759 263 820 minuerent.

169 839 229 906 49.
252 842 372 918 lamque
388 839 537 899 frumenta
555 847 752 900 maturescere
775 841 970 920 incipiebant,
994 849 1081 919 atque
1097 842 1159 919 ipsa

82 948 154 1008 spes
165 926 297 1004 inopiam
308 923 500 997 sustentabat,
514 924 594 1001 quod
606 923 741 984 celeriter
751 943 783 985 se
794 925 947 986 babituros
958 925 1072 1003 copiam
1085 944 1158 986 con·

85 1013 232 1087 fidebant3
245 1009 426 1087 crebraeque
437 1027 524 1069 voees
535 1008 661 1069 militum
673 1007 703 1068 in
716 1008 821 1087 vigiliis
833 1009 1047 1088 colloquiisque
1059 1010 1159 1070 audie·
1181 1019 1196 1068 2

83 1090 308 1175 bantur‚'prius
322 1113 354 1155 se
369 1093 480 1155 cortice
495 1112 531 1153 ex
545 1092 701 1154 arboribus
715 1093 859 1168 victuros,
880 1113 969 1172 quarn
984 1093 1157 1173 Pompeium

82 1201 102 1242 e
118 1181 254 1243 manibus
268 1179 450 1241 dimissuros.
480 1178 623 1239 Libenter
637 1178 725 1238 etiarn
739 1197 774 1239 ex
790 1181 923 1258 perfugis
938 1179 1160 1258 cognoscebant
1182 1189 1197 1238 3

83 1285 180 1343 equos
194 1283 296 1326 eorum
311 1263 445 1334 tolerari,
468 1263 581 1342 reliqua
596 1281 664 1323 vero
679 1263 812 1324 iumenta
826 1264 962 1326 interisse
970 1283 979 1340 ;
1002 1264 1045 1324 uti
1060 1272 1158 1324 autern

83 1351 165 1429 ipsos
179 1348 344 1410 valetudine
361 1367 422 1408 non
437 1348 532 1423 bona,
548 1366 615 1409 cnm
631 1349 773 1426 angustiis
788 1349 847 1409 loci
862 1358 892 1409 et
907 1351 998 1410 odore
1012 1358 1107 1410 taetro
1122 1367 1158 1409 ex

85 1434 271 1495 multitudine
294 1434 467 1494 cadaverum
483 1442 512 1494 et
526 1432 680 1494 cotidianis
694 1433 846 1495 laboribus
867 1434 1001 1495 insuetos
1023 1452 1156 1512 operum,

83 1528 147 1580 turn
169 1538 262 1598 aquae
284 1536 400 1579 summa
421 1518 520 1596 inopia
542 1516 672 1578 allectos.
710 1516 816 1579 Omnia
840 1519 918 1579 enirn
934 1519 1055 1578 llnmina
1071 1527 1159 1597 atque
1180 1530 1196 1579 4

86 1623 189 1665 omnes
204 1605 298 1676 rivos,
322 1603 371 1681 qui
387 1603 424 1662 ad
438 1619 518 1662 mare
533 1601 738 1681 pertinebant,
762 1603 868 1664 Caesar
885 1612 936 1663 aut
950 1611 1094 1663 averterat
1108 1611 1160 1662 aut

84 1689 199 1768 magnis
215 1687 356 1768 operibus
371 1686 564 1760 obstruxerat,
579 1695 667 1766 atque
682 1695 716 1747 ut
728 1697 814 1749 erant
826 1688 891 1751 loca
905 1696 1063 1749 montuosa
1078 1695 1107 1748 et
1121 1687 1158 1746 ad

82 1792 193 1852 specus
208 1771 359 1851 angustiae
374 1771 505 1845 vallium,
527 1772 581 1832 bas
602 1771 722 1833 sublicis
745 1773 775 1833 in
791 1782 901 1834 terram
922 1772 1056 1834 demissis
1071 1790 1157 1851 prae-

80 1867 216 1938 sepserat
230 1868 398 1935 terramque
412 1856 571 1931 adiecerat,
595 1864 628 1918 ut
648 1875 753 1934 aquam
776 1859 954 1920 contineret.
989 1855 1032 1917 lta
1046 1857 1087 1917 illi
1104 1875 1158 1917 ne·
1180 1864 1194 1914 5

83 2007 155 2058 nicht
172 2007 219 2058 mit
230 2005 380 2058 verwendet
393 2004 456 2057 freie
468 2005 523 2057 Zeit
540 2005 595 2057 bat—
647 2021 692 2057 zur
716 2005 882 2058 Abollcblreit
914 2006 961 2057 ruit
987 2005 1045 2058 dem
1072 2006 1158 2068 Brote,

83 2080 136 2129 ten.
167 2074 225 2141 Vgl.
239 2090 261 2128 c.
275 2077 357 2139 7⁶‚22
377 2075 450 2139 quod
465 2076 498 2125 ab
517 2089 596 2139 opere
646 2074 764 2139 qrachten
787 2074 825 2125 sie
849 2090 881 2126 zu
905 2077 986 2126 etwas
1005 2075 1062 2126 dem
1080 2073 1158 2126 Brote

82 2146 198 2209 integris
234 2144 430 2193 munitionibus
463 2145 598 2194 cacabant
647 2142 806 2200 Abulicbeun
822 2158 910 2207 genite
926 2145 1006 2208 panis
1023 2160 1059 2193 ec
1077 2144 1158 2192 herba

83 2211 135 2263 und
154 2228 175 2263 c.
188 2213 230 2275 49,
243 2214 272 2263 3:
291 2213 408 2261 insuetos
421 2226 537 2276 operum.
568 2210 595 2263 S.
647 2210 753 2263 Sueton.
767 2210 838 2263 Caes.
851 2214 892 2264 68.
928 2209 954 2261 S.
973 2210 1023 2263 deu
1040 2209 1157 2276 Anhang.

81 2279 132 2331 den
155 2279 272 2343 Anhang.
295 2305 328 2317 -
352 2279 424 2343 quod
444 2279 596 2345 appelletur
680 2282 704 2332 1.
722 2280 821 2345 uacuo:
849 2283 871 2345 1,
891 2281 932 2344 18,
949 2280 972 2332 2.
1008 2279 1058 2330 Zur
1075 2277 1157 2330 Saebe

82 2350 175 2399 ebaru.
205 2347 264 2398 Dies
281 2346 316 2398 ist
333 2345 398 2398 nach
417 2345 595 2413 derllleinung
645 2347 697 2413 vgl.
717 2347 821 2400 Sueten.
840 2347 912 2398 Caes.
931 2349 977 2400 68:
1004 2347 1115 2398 Famem
1133 2351 1160 2396 et

83 2431 190 2467 neuerer
211 2413 352 2466 Botauilser
370 2414 481 2466 crambe
499 2414 594 2465 Tarta·
645 2421 745 2467 ceteras
768 2419 938 2467 necessitates
958 2432 1012 2466 ooo
1036 2430 1097 2466 cum
1115 2416 1159 2465 od·

82 2487 149 2545 νιόα,
168 2483 318 2534 Russiscber
334 2481 480 2545 neesson,
501 2481 593 2534 dessen
644 2484 797 2533 riderentur
822 2483 913 2546 modo,
939 2484 985 2533 ced
1008 2488 1033 2533 et
1059 2484 1083 2532 ei
1107 2485 1159 2548 ipsi

83 2550 158 2601 dicke
180 2550 250 2602 sulse
270 2549 375 2601 Wurzel
399 2548 447 2601 den
471 2549 594 2601 'larlaren
645 2551 714 2601 alios
731 2551 889 2611 edomant,
909 2555 984 2600 tanto
1003 2567 1081 2615 opere
1093 2550 1158 2600 tole-

82 2616 122 2668 als
147 2615 368 2682 Nabrungsmittel
398 2616 475 2669 dient.
514 2616 594 2668 Naoh
645 2620 750 2683 rabant,
762 2623 794 2667 ut
803 2618 997 2683 Dprrboclrim
1009 2619 1158 2667 moenitione
1254 2661 1256 2666 .

82 2683 194 2735 anderen
212 2684 262 2735 soll
278 2700 306 2736 es
318 2683 359 2735 die
372 2681 594 2749 summersione,
645 2687 799 2751 Pompeius,
824 2687 880 2734 oisc
899 2699 998 2749 genere
1018 2687 1100 2751 panis
1123 2702 1158 2736 eac

84 2750 365 2816 commeareibinne,
378 2751 441 2802 sein.
464 2750 528 2802 Plin.
542 2753 595 2802 nat.
646 2755 740 2815 bubo,
772 2768 823 2816 quo
853 2753 1068 2817 enumerentur,
1099 2768 1158 2802 eum

84 2820 144 2871 hist
156 2821 195 2881 19,
207 2821 230 2884 8,
242 2822 302 2872 144ι
321 2834 370 2868 nec
388 2834 443 2869 uon
460 2819 519 2868 clue
531 2835 595 2884 quo·
644 2819 712 2881 ferr's
729 2822 781 2870 sibi
798 2835 856 2869 rem
877 2835 931 2870 esse
949 2820 1064 2884 diecret,
1087 2836 1159 2871 umo-

82 2904 135 2954 que
158 2889 279 2938 silcestre
305 2891 345 2937 cet
373 2888 508 2951 tuumpbo
530 2887 596 2937 Divi
645 2892 754 2952 verique
767 2890 841 2938 ocius
852 2903 901 2938 nec
917 2889 1159 2953 cuiquamostendi

82 2956 137 3006 lulc'
163 2957 327 3007 carminibus
348 2956 494 3021 praecipue
516 2957 596 3004 iocis-
645 2959 763 3018 iusserit,
779 2971 813 3005 ne
822 2958 956 3021 patientia
972 2961 998 3005 et
1004 2958 1159 3020 pertinacia

83 3041 133 3090 que
156 3026 320 3075 militaribus
345 3023 514 3074 celebratum.
548 3022 596 3072 Al·
647 3022 1159 3088 bosdsuuimisuomcmfraugereutur.

81 3094 167 3143 ternis
189 3095 286 3159 quippe
308 3094 428 3142 oucibus
451 3092 596 3156 exprobra·
646 3091 716 3143 Plut.
735 3091 806 3142 Caes.
825 3093 866 3144 39.
900 3091 967 3158 App.
986 3094 1010 3157 2,
1028 3094 1069 3144 61.

82 3160 268 3226 nerclupraua
285 3177 313 3210 ee
330 3159 596 3225 viniaseapuder-
681 3158 728 3213 49.
748 3163 770 3211 1.
789 3161 847 3225 ipsa
865 3175 938 3225 sper:
958 3163 981 3222 1,
994 3161 1035 3224 56,
1048 3161 1071 3212 2.
1179 3185 1182 3191 ν
1221 3156 1224 3165 ’

82 3230 238 3294 rbacltium,
260 3231 445 3294 praemiorum
464 3230 605 3296 persiano-⁴
682 3230 705 3280 3.
725 3227 851 3278 tolerari:
868 3227 973 3280 wdrden
985 3228 1052 3279 noch
1068 3227 1158 3293 binge-

83 3299 157 3346 niam
182 3297 346 3347 cavillantes.
385 3296 435 3346 Eat
455 3301 545 3346 autem
567 3296 598 3346 id
647 3294 1157 3360 bracbt‚notdi”1rltigerhalten;c.58‚4:

82 3378 161 3430 cyma
173 3364 309 3414 siluestris
319 3393 350 3401 —
359 3364 508 3414 cumrerum
519 3365 596 3425 lacte,
647 3365 689 3414 lu's
705 3365 858 3414 rationibus·
875 3366 1021 3430 equitabam
1035 3365 1158 3417 tolerare.

84 3431 157 3481 nicht
183 3432 260 3494 lacti,
286 3431 330 3482 der
355 3431 595 3496 llauptbestaudteil
646 3430 1159 3497 AucbunpersdnlichB.G.'l‚'ll,4:ra·

26 3504 28 3509 '
83 3499 118 3550 ist
137 3498 178 3549 die
196 3496 313 3562 Wurzel,
329 3497 440 3550 weleber
459 3497 500 3549 die
517 3498 596 3550 blilch
647 3501 720 3549 uene
736 3502 805 3550 inite
822 3498 1161 3564 eeeeiguediemmXXX

83 3566 255 3632 regenbolt,
285 3565 325 3617 die
352 3566 408 3616 urit
434 3563 513 3616 blilcb
539 3581 595 3618 ver·
647 3566 1160 3633 baberetmcmeotuueedpauloetiam

83 3635 178 3687 miscbt
190 3633 269 3692 wird;
282 3633 333 3684 Gic.
343 3632 375 3685 de
384 3632 415 3684 N.
424 3631 453 3683 I).
463 3635 488 3697 2,
499 3636 539 3696 10,
549 3636 581 3685 11
589 3653 595 3685 ;
647 3635 756 3699 longiae
771 3636 886 3687 tolerem·
898 3652 978 3701 posse
991 3633 1137 3700 parcendo.

84 3703 131 3754 Ille
156 3718 220 3753 cero
245 3703 308 3766 (aer)
332 3705 358 3750 et
382 3700 467 3750 multo
489 3702 596 3766 quidem
681 3706 705 3753 4.
723 3703 760 3755 ad
768 3707 1017 3768 rpecrcsanguetiae
1032 3702 1159 3752 vallium:

85 3772 175 3822 calore
191 3772 329 3821 admixtus
345 3773 392 3820 est.
409 3794 443 3806 -
460 3767 492 3818 ld
508 3770 545 3820 ad
560 3772 597 3820 ei*
647 3769 688 3822 die
706 3769 801 3822 Thiler
818 3785 904 3822 waren
922 3785 952 3821 so
971 3783 1029 3835 eng,
1048 3767 1103 3820 deis
1121 3769 1158 3820 sie

84 3840 262 3890 midmdinem
276 3841 358 3904 panis
373 3836 541 3898 efficiebant:
558 3837 595 3889 sie
647 3837 726 3889 durch
733 3835 1053 3902 dieuberbdngendenund
1060 3835 1180 3901 fastan-e

84 3907 217 3973 machten‚
240 3906 413 3960 bearbeiteten
432 3903 473 3957 die
491 3903 596 3958 Wurzel
647 3904 910 3959 sammenstolsenden
929 3903 1021 3956 Felsen
1035 3903 1158 3957 Scblucb·
