2626 4416
564 290 592 343 u.
612 293 719 344 1c-1e.
1117 283 1178 347 117

109 466 166 526 bus
180 462 292 525 serebat
306 463 495 524 sermonibus
510 481 608 542 neque
623 480 655 523 se
671 463 701 523 in
716 463 806 524 ullam
821 471 935 543 partem
951 463 1094 525 movebat.
1122 466 1181 526 Po·
1202 473 1217 523 3

110 559 268 623 amavero,
288 567 357 609 oum
372 547 526 610 Gaesarem
541 549 578 608 ad
592 547 749 608 Massiliam
763 549 889 610 detineri
906 549 1057 627 cognorit,
1081 550 1180 629 copias

109 633 216 695 Petreii
232 651 300 694 cum
314 633 445 694 exercitu
459 632 572 694 suanir
587 651 651 693 esse
666 633 849 708 coniunctas,
864 651 971 713 magua
986 633 1091 694 auxilia
1106 653 1180 696 con-

108 719 232 793 venisse,
247 736 353 797 magna
368 737 432 780 esse
444 718 474 778 in
487 735 539 796 spe
551 725 639 795 atque
654 718 818 798 exspectari
833 727 863 778 et
877 718 1045 780 consentire
1060 736 1181 779 omnem

107 804 275 865 citeriorem
289 802 490 884 provinciam,
514 811 766 882 quaeque‘postca
781 802 963 877 acciderant,
985 803 1022 863 de
1037 803 1180 882 angustiis

107 890 144 950 ad
158 889 284 949 Ilerdam
305 888 348 948 rei
370 888 596 963 frumentariae,
612 887 739 968 accepit,
762 895 850 966 atque
871 887 945 948 baec
959 889 995 948 ad
1013 907 1080 948 eum
1093 888 1181 950 latius

107 982 196 1052 atque
211 973 341 1034 inflatius
355 973 494 1034 Afranius
508 971 727 1052 perscribebat,
743 992 774 1034 se
789 990 909 1052 quoque
924 974 959 1033 ad
973 980 1072 1034 motus
1086 974 1182 1035 fortu-

108 1077 166 1119 nae
180 1076 298 1119 morere
313 1058 420 1136 coepit.

194 1139 252 1208 18.
274 1143 427 1204 Delectum
448 1142 551 1203 habuit
565 1150 627 1203 tota
648 1143 816 1220 provincia,
838 1139 1006 1220 legionibus
1028 1142 1183 1223 eompletis

107 1228 222 1288 duabus
236 1228 375 1288 cohortes
390 1226 509 1288 circiter
522 1245 580 1288 xxx
595 1227 700 1288 alarias
715 1227 834 1289 addidit.
865 1226 1019 1288 Frumenti
1041 1245 1183 1306 magnum

107 1330 265 1373 numerum
276 1313 381 1392 coegit,
397 1313 477 1392 quod
488 1311 728 1388 Massiliensibus,
740 1313 811 1373 item
823 1313 904 1390 quod
915 1312 1038 1373 Afranio
1049 1313 1182 1373 Petreio·

107 1416 165 1476 que
187 1397 329 1459 mitteret.
365 1398 460 1459 Nares
481 1397 586 1476 longas
605 1417 625 1457 n
639 1397 789 1458 Gaditanis
811 1405 844 1457 ut
865 1398 998 1458 lacerent
1019 1397 1182 1479 imperavit,

107 1482 275 1562 complures
287 1491 442 1563 praeterea
454 1483 567 1563 Hispab
578 1482 727 1543 faciendas
742 1482 862 1544 curavit.
891 1482 1051 1543 Pecuniam
1063 1501 1183 1544 omnem
1205 1488 1220 1538 1

107 1568 265 1646 omniaque
287 1577 461 1630 ornamenta
476 1587 512 1629 ex
527 1569 597 1629 fauo
613 1567 748 1629 Herculis
763 1567 794 1627 in
811 1566 955 1647 oppidum
970 1567 1057 1628 Gadis
1075 1575 1182 1628 contu-

106 1651 155 1728 lit;
179 1671 214 1713 eo
229 1671 257 1712 u
280 1654 419 1714 cohortes
439 1653 576 1735 praesidii
591 1671 678 1714 eausa
693 1670 729 1712 ex
748 1651 901 1731 provincia
924 1652 1004 1714 misit
1020 1652 1183 1730 Gaiumque

111 1735 294 1811 Gallonium,
311 1737 440 1816 equitem
455 1738 638 1813 Romanum,
654 1737 827 1798 lamibarem
841 1737 975 1813 Domitii,
992 1738 1044 1816 qui
1062 1755 1096 1797 eo
1112 1754 1184 1815 pro-

50 1819 52 1823 ’
107 1823 256 1883 curandae
286 1823 455 1883 hereditatis
477 1841 565 1885 causa
586 1831 707 1884 venerat
728 1822 835 1884 missus
856 1840 873 1882 a
898 1822 1041 1897 Domitio,
1072 1821 1182 1901 oppido

107 1906 237 1969 Gadibus
259 1907 420 1986 praefecit3
448 1925 528 1968 arma
557 1908 657 1968 omnia
677 1908 789 1987 privata
812 1925 846 1966 ac
868 1905 987 1987 publica
1008 1908 1039 1968 iu
1063 1908 1183 1968 domum

107 1991 233 2053 Gallonii
260 1991 396 2053 eontulit.
439 1992 505 2071 lpse
526 1991 630 2053 habuit
656 2010 758 2071 graves
783 1991 815 2052 in
838 1992 993 2053 Gaesarem
1018 1992 1222 2054 concinnose

108 2077 204 2156 Saepe
220 2096 255 2138 ex
269 2076 411 2138 tribunali
434 2077 612 2157 praedicavit
632 2077 752 2139 adversa
769 2077 922 2139 Gaesarem
936 2077 1049 2156 proelia
1069 2077 1184 2150 fecisse,

108 2180 248 2241 maguum
263 2180 422 2224 numerum
438 2161 474 2223 ab
492 2181 527 2223 eo
542 2163 665 2224 militum
682 2162 717 2223 ad
733 2163 888 2223 Afranium
907 2162 1087 2242 perfugisse:
1110 2163 1184 2222 baec

108 2265 140 2308 se
162 2248 250 2309 certis
272 2248 400 2320 nuntiis,
424 2248 513 2310 certis
538 2246 710 2309 auctoribus
732 2248 924 2327 comperisse.
961 2247 1077 2318 Quibus
1093 2247 1185 2307 rebus
1205 2250 1221 2299 4

106 2333 281 2411 perterritos
303 2333 374 2395 civis
388 2333 539 2395 Romanos
562 2333 626 2395 eius
647 2331 816 2413 provinciae
838 2332 894 2395 sibi
913 2333 949 2394 ad
971 2331 1184 2412 rempublicam

108 2417 367 2480 administrandam
384 2419 433 2480 HS
449 2437 543 2480 ccxxx
558 2429 588 2480 et
602 2417 717 2498 argenti
735 2418 835 2497 pondo
852 2437 891 2478 xx
904 2417 999 2492 milia,
1015 2417 1107 2479 tritici
1119 2435 1184 2477 mo-

107 2501 172 2562 dios
186 2521 241 2563 cxx
256 2503 335 2564 milia
349 2504 484 2583 polliceri
499 2504 604 2583 coegit.
635 2503 715 2575 Quas
727 2503 842 2565 Gaesari
855 2521 919 2564 esse
932 2503 1040 2564 amicas
1055 2502 1186 2563 civitates
1207 2503 1222 2552 5

108 2585 313 2662 arbitrabatur,
329 2587 374 2648 his
385 2590 519 2667 graviora
531 2607 624 2649 onera
639 2586 814 2666 iniungebat
824 2588 1028 2666 praesidiaque
1043 2606 1079 2646 eo
1091 2588 1184 2647 dedu-

143 2736 167 2784 3.
193 2749 293 2798 magna
311 2751 365 2785 eree
382 2739 412 2786 in
434 2750 493 2802 epa:
519 2751 620 2802 magna
676 2739 717 2799 38,
739 2738 759 2788 1.
777 2764 812 2774 -
829 2738 939 2788 alarius.
976 2736 1002 2789 S.
1020 2751 1052 2787 zu
1071 2741 1093 2801 1,
1107 2737 1147 2800 13,
1161 2738 1185 2801 3,

109 2801 235 2853 nattirlicb
253 2802 383 2854 nicbtmit
398 2805 429 2854 in
444 2818 490 2870 epe
506 2804 542 2868 (in
555 2807 621 2856 Aus—
706 2806 730 2855 2.
761 2820 795 2854 eo·
817 2803 884 2865 fano
907 2805 1031 2856 Hermus
1055 2803 1103 2855 auf
1126 2802 1185 2854 dem

108 2868 184 2929 sicht)
196 2884 228 2922 zu
239 2870 388 2922 verbinden.
397 2899 430 2908 -—
441 2871 473 2922 de
484 2873 621 2936 angustiis
671 2871 810 2925 sudliebeu
827 2871 985 2938 Vorgebirge
1003 2871 1048 2923 der
1064 2870 1139 2923 lusel.
1152 2898 1186 2909 -

106 2940 148 2986 rei
157 2935 257 2998 fram:
269 2939 294 2990 in
304 2938 411 3002 Betrell‘3
424 2954 445 2991 s.
457 2942 479 3004 1,
489 2941 568 3004 20,1;
588 2940 619 2990 de
668 2941 859 3007 procurandae
896 2941 1056 2991 hereditatis
1095 2954 1186 2990 cama.

107 3004 138 3056 L.
154 3005 271 3056 Domitii
289 3005 373 3072 fuga,
399 3010 486 3071 33,1;
512 3023 570 3058 rem
587 3007 619 3057 de
671 3007 808 3060 Gallonius
831 3007 908 3059 sollte
928 3008 968 3059 lbr
984 3007 1110 3060 Domitius
1128 3006 1186 3059 elue

105 3075 243 3124 mittendis
255 3076 358 3139 legatie.
382 3073 411 3126 B.
422 3074 450 3128 G.
462 3078 485 3140 5,
496 3077 575 3139 53,1;
594 3079 618 3139 ’1,
670 3074 807 3126 Erbsebalt
824 3075 1005 3127 uhemehmen.

106 3143 130 3204 9,
146 3146 167 3192 1.
179 3170 214 3180 -
226 3145 361 3207 angmiiis
372 3144 410 3194 ad
419 3143 549 3194 Ilerdam:
572 3142 619 3194 llie
705 3145 729 3194 1.
745 3142 782 3193 ad
792 3144 982 3210 rempublicam
993 3144 1185 3196 administran-

105 3207 268 3274 Pripositioa
280 3212 326 3262 mit
343 3211 423 3263 ihrem
435 3209 535 3264 Nomen
548 3211 619 3264 attrl·
670 3211 733 3262 dam
754 3210 804 3262 wie
821 3215 844 3275 1,
857 3214 881 3276 7,
893 3213 922 3264 6:
939 3214 1130 3279 rempublicam
1140 3226 1186 3276 ge-

106 3277 179 3327 butiv
203 3278 286 3330 einem
308 3278 459 3331 Substantiv
485 3279 619 3346 beigesirgt
669 3294 739 3331 rere.
763 3306 797 3316 —
813 3279 858 3330 us
875 3279 992 3332 CLXXX
1012 3296 1043 3332 zu
1068 3279 1185 3332 eruerer

107 3343 371 3412 obneVermittelung
389 3347 467 3399 dureb
486 3349 543 3400 eine
555 3347 619 3399 Ver·
669 3347 737 3400 nach
752 3350 775 3412 1,
787 3350 829 3413 23,
840 3350 865 3413 1,
884 3347 938 3400 also
955 3352 1107 3400 sestertium
1125 3364 1184 3398 cen-

106 3410 224 3477 ballorm,
236 3413 287 3464 wie
299 3413 386 3479 biuflg
397 3415 440 3466 bei
452 3415 541 3478 Gisan
555 3431 576 3467 z.
587 3414 616 3468 Β.
670 3418 719 3466 tior
737 3420 765 3465 et
782 3419 912 3482 octogies,
939 3419 969 3470 18
987 3415 1121 3468 blillionen
1139 3415 1185 3468 Se·

106 3494 128 3532 c.
142 3481 183 3542 39,
193 3481 223 3540 23
236 3479 265 3531 B.
275 3479 304 3532 G.
314 3484 339 3545 4,
350 3484 390 3543 33,
402 3487 430 3544 1;
443 3487 467 3546 b,
479 3486 517 3547 13,
530 3490 538 3536 1
553 3500 577 3536 u.
588 3487 616 3544 4;
671 3484 787 3537 stertien.
804 3513 838 3522 -
873 3484 959 3551 ondo,
980 3485 1023 3536 ein
1040 3483 1185 3537 delektiver

105 3576 140 3584 -
157 3548 240 3598 latiae
258 3552 285 3599 et
300 3550 431 3610 inflatius.
459 3549 485 3602 S.
498 3566 519 3604 c.
534 3553 618 3616 39,4;
670 3551 776 3603 Ablativ
789 3500 1010 3617 ‘anGewiehtg
1029 3552 1093 3604 wird
1106 3551 1186 3602 durch

106 3617 130 3681 3,
144 3617 186 3680 13,
198 3619 222 3669 4.
241 3615 299 3684 Vgl.
313 3620 335 3681 1,
346 3619 386 3680 53,
398 3620 420 3669 1.
432 3646 464 3656 -
476 3633 620 3684 nequaque
671 3619 722 3672 alle
735 3619 815 3671 (lasus
826 3620 998 3672 unveriudert
1010 3620 1050 3671 ldr
1062 3617 1185 3670 Plunde

105 3712 139 3721 -
156 3698 262 3735 monere
287 3687 388 3750 eoepit:
413 3684 468 3736 sieh
490 3686 556 3737 nacla
574 3685 620 3737 der
670 3687 816 3754 gebrauebt.
836 3715 867 3725 —
885 3687 990 3738 modios
1012 3687 1081 3738 CXX
1100 3687 1185 3752 milia,

105 3749 244 3819 Wendung
272 3752 318 3804 des
345 3751 457 3803 Gluelres
487 3769 519 3804 au
533 3801 534 3804 ,
548 3768 618 3804 wen·
672 3755 744 3807 nieht
760 3755 919 3820 modiorum,
937 3755 988 3806 wie
1007 3757 1031 3819 3,
1043 3757 1067 3817 4,
1081 3755 1109 3806 3:
1137 3754 1187 3805 Sa·

109 3818 166 3884 den,
184 3818 274 3886 dabin,
292 3819 380 3872 wobin
399 3819 445 3872 das
463 3819 545 3872 Gldcls
563 3819 618 3874 sieb
667 3824 800 3887 gittmoe
815 3851 849 3861 —-
860 3822 904 3874 111
911 3823 989 3873 milia
1007 3838 1117 3873 narrem
1136 3824 1183 3873 ba-

108 3886 202 3952 neigte.
297 3899 300 3903 ’
520 3920 521 3924 =
671 3891 764 3953 Μαί,
786 3889 828 3943 die
851 3889 914 3941 Zabl
938 3889 1007 3941 steht
1027 3889 1054 3940 in
1072 3889 1185 3960 Apposi-

161 3953 229 4009 8.1.
249 3957 399 4020 legionibus
417 3956 528 4007 ditabor.
557 3955 584 4010 S.
598 3958 620 4008 1.
670 3956 733 4010 lion.
