2626 4416
136 205 197 268 178
349 212 352 219 ’
531 205 573 257 OE
590 205 693 262 BELLO
712 205 805 259 OlVlbl

134 383 252 444 circiter
272 401 348 442 cxxx
374 381 552 454 interfectis,
576 380 697 459 reliquis
720 380 750 441 in
772 381 872 459 fugam
901 380 1058 453 coniectis,
1088 381 1211 443 duobus

134 468 247 529 amissis
261 468 294 528 in
309 477 403 528 castra
418 485 449 527 sc
464 477 651 545 receperunt.

219 548 277 616 38.
294 552 346 613 His
357 551 446 612 rebus
457 551 547 630 gestis
558 550 703 611 Domitius
714 569 838 629 sperans
846 549 1015 630 Scipionem
1027 551 1063 610 ad
1074 569 1211 630 pugnam

134 638 200 699 elici
221 656 308 717 posse
330 636 476 698 simulavit
496 654 560 697 sese
583 634 726 713 angustiis
748 636 791 697 rei
813 635 1024 696 frumentariae
1046 636 1207 698 adductum

49 787 51 790 ,
134 731 229 785 castra
240 740 357 782 movere
369 721 502 798 vasisque
513 721 632 781 militari
643 738 726 781 more
738 720 928 781 conclamatis
939 738 1117 800 progressus
1127 721 1207 782 milia

84 828 86 832 ⁴
107 822 108 825 ’
133 810 272 888 passuum
286 825 318 866 111
332 807 398 866 loco
417 806 524 867 idoneo
540 813 570 866 et
584 806 701 866 occulto
716 823 836 866 omnem
852 806 1013 865 exercitum
1028 807 1211 884 equitatum·

96 904 111 954 2
132 912 190 971 quc
205 892 367 953 collocavit.
401 890 500 970 Scipio
516 891 553 950 ad
568 891 752 968 sequendum
774 898 892 969 paratus
915 890 1048 968 equitum
1068 910 1210 969 magnam

134 986 247 1057 partem
263 977 300 1037 ad
315 977 529 1055 explorandum
543 976 600 1036 iter
613 975 733 1036 Domitii
747 984 776 1035 ct
791 977 1032 1054 cognoscendum
1046 977 1211 1055 praemisit.

96 1074 112 1122 s
133 1063 191 1134 Qui
203 1081 271 1122 cum
282 1070 382 1123 essent
395 1061 545 1140 progressi
558 1060 729 1140 primaeque
741 1070 856 1120 turmae
872 1060 991 1122 insidias
1007 1061 1209 1138 intravissent,

135 1167 170 1208 cx
184 1148 304 1208 fremitu
319 1164 466 1224 equorum
480 1146 558 1206 illata
580 1145 749 1225 suspicione
763 1145 800 1205 ad
814 1163 883 1206 suos
899 1164 930 1205 sc
946 1146 1079 1224 recipere
1099 1165 1208 1227 coepe·

135 1242 215 1307 runt,
227 1231 336 1310 quique
346 1232 402 1292 hos
413 1230 615 1308 sequebantur
624 1231 751 1292 celerem
762 1248 866 1291 eorum
878 1241 1032 1310 receptum
1044 1232 1217 1311 conspicati*

97 1317 316 1378 irestiterunt.
350 1315 449 1376 Nostri
465 1315 591 1394 cognitis
607 1316 733 1388 insidiis,
757 1334 795 1375 ne
818 1316 927 1376 frustra
949 1316 1080 1394 reliquos
1103 1335 1209 1396 exspe-

135 1410 264 1474 ctarent,
280 1401 353 1461 duas
368 1399 447 1460 nacti
462 1409 575 1460 turmas
590 1411 785 1480 exceperunt,
802 1419 926 1478 quarum
938 1405 1079 1481 perpauci
1091 1402 1167 1480 fuga
1180 1421 1213 1464 se

135 1488 172 1548 ad
185 1502 252 1547 suos
266 1498 447 1566 reciperem
469 1486 499 1546 in
515 1486 561 1546 his
576 1486 632 1546 fuit
645 1487 683 1547 M.
701 1485 849 1564 Opimius,
872 1487 1039 1563 praefectus
1062 1488 1207 1564 equitum.

135 1571 275 1649 Reliquos
298 1590 403 1631 omncs
425 1589 526 1631 carum
548 1580 713 1632 turmarum
734 1580 784 1630 aut
806 1571 1020 1631 interfecerunt
1042 1583 1091 1631 aut
1107 1582 1213 1652 captos-

135 1657 171 1717 ad
185 1656 346 1717 Domitium
360 1655 556 1716 deduxerunt.

220 1737 279 1804 39.
308 1741 447 1802 Deductis
469 1759 538 1801 orae
560 1740 721 1801 maritimae
743 1740 896 1818 praesidiis
919 1740 1039 1814 Cacsar,
1063 1748 1207 1820 utsupra

135 1828 369 1887 demonstratum
384 1834 437 1902 est,
453 1845 484 1886 ιιι
501 1826 640 1886 cobortes
655 1824 735 1885 Orici
751 1825 852 1903 oppidi
867 1825 968 1885 tuendi
984 1843 1072 1886 causa
1088 1825 1206 1904 reliquit

135 1913 287 1989 isdemque
303 1911 465 1971 custodiam
477 1911 593 1972 navium
609 1910 765 1988 longarum
778 1910 904 1983 tradidit,
920 1928 993 1988 quas
1006 1929 1041 1970 cx
1052 1911 1133 1972 ltalia
1145 1921 1207 1971 tra·

136 1998 266 2057 duxerat.
295 1996 371 2056 Huic
387 1997 484 2057 officio
501 1996 671 2075 oppidoque
685 1994 800 2054 Manius
811 1995 921 2055 deibus
935 1995 1049 2073 legatus
1064 2007 1211 2075 praeerat.

98 2093 113 2142 2
134 2083 161 2142 ls
177 2100 265 2142 naves
287 2092 405 2142 nostras
426 2081 598 2142 interiorem
614 2081 644 2140 in
660 2087 780 2158 portum
795 2088 863 2158 post
885 2080 1027 2160 oppidum
1042 2081 1161 2142 reduxit
1182 2091 1210 2142 et

136 2167 171 2226 ad
185 2175 296 2226 terram
307 2165 441 2244 deligavit
455 2166 650 2244 faucibusque
661 2176 766 2244 portus
777 2183 880 2225 navem
893 2167 1059 2226 onerariam
1073 2166 1212 2228 submer-

136 2269 197 2311 sam
217 2250 325 2309 obiecit
339 2259 368 2309 et
382 2250 452 2310 huic
474 2251 593 2311 alteram
609 2249 778 2324 coniunxit3
802 2269 892 2328 super
913 2269 1001 2328 quam
1015 2251 1122 2312 turrim
1139 2253 1210 2312 effe·

136 2345 213 2395 ctam
227 2333 262 2393 ad
277 2334 375 2412 ipsum
397 2335 552 2395 introitum
573 2344 678 2414 portus
693 2334 832 2413 opposuit
847 2342 876 2395 et
890 2335 1031 2396 militibus
1052 2337 1211 2415 complevit

136 2419 334 2496 tuendamque
349 2419 385 2478 ad
401 2439 504 2480 omnes
518 2419 692 2498 repentinos
707 2438 792 2479 casus
806 2419 934 2479 tradidit.

170 2515 217 2574 88.
232 2521 252 2570 l.
265 2520 338 2568 vasis
346 2519 462 2569 militari
470 2521 540 2569 niori
549 2518 647 2570 coacte
699 2519 822 2570 sebeinen
833 2516 939 2581 kiiunte,
957 2519 1003 2570 auf
1013 2519 1059 2571 das
1070 2518 1213 2586 Folgende,

137 2604 158 2639 c.
172 2589 213 2651 31,
225 2589 250 2637 4.
697 2586 807 2638 sondcrn
825 2601 872 2637 nur
890 2587 935 2639 auf
951 2588 1072 2638 deductis
1086 2615 1120 2624 —
1131 2605 1212 2655 prac-

169 2658 194 2706 4.
207 2656 324 2718 coguitis
335 2653 456 2705 insidiis:
465 2654 575 2706 nimlich
586 2669 646 2706 vom
696 2654 774 2705 cidiis
785 2655 935 2720 gehen,*das
944 2654 1136 2720 Hauptsubjekt
1147 2656 1211 2708 Cae-

135 2721 237 2773 Feinde.
271 2721 317 2774 Die
339 2721 453 2773 Ablativi
477 2722 588 2774 absoluti
610 2724 646 2774 im
696 2739 742 2772 sar
754 2723 787 2774 ist
799 2722 854 2774 also
867 2723 929 2786 hier,
948 2725 998 2775 wie
1015 2739 1042 2774 cs
1055 2729 1129 2776 sonst
1142 2725 1211 2778 diter

136 2789 226 2841 Passiv
243 2790 400 2841 bezeichnen
418 2789 473 2842 also
490 2790 546 2841 hier
566 2791 645 2854 nicht,
697 2790 740 2843 bei
759 2789 835 2842 Giisar
852 2791 981 2843 zwiscben
1001 2791 1041 2843 die
1053 2791 1112 2844 Abl.
1126 2793 1210 2847 absol.

137 2857 187 2909 wie
205 2873 232 2909 es
251 2858 413 2922 gewbbnlicb
430 2858 570 2923 geschicht,
589 2859 647 2910 eine
697 2859 753 2910 tritt
769 2861 800 2918 (s.
819 2874 840 2910 c.
861 2861 900 2923 12,
921 2863 957 2924 1),
980 2860 1120 2911 deusclben
1143 2862 1213 2914 nahe

136 2941 196 2977 vom
215 2923 325 2989 Subjekt
342 2925 387 2978 des
402 2925 571 2992 Hauptsatzes
590 2942 647 2978 aus·
698 2924 805 2990 gerdckt
822 2926 875 2977 und
892 2927 1022 2979 zwischen
1034 2928 1072 2979 sie
1089 2929 1143 2980 und
1160 2929 1211 2982 den

136 2993 251 3059 gebende
260 2993 402 3059 Handlung.
419 2994 521 3046 Ebenso
533 2995 568 3046 ist
579 3009 607 3045 es
617 2993 646 3045 B.
697 2994 762 3045 dezu
775 2993 915 3059 gehdrigen
926 2994 1083 3047 Relativsatz
1101 3002 1213 3063 gesetzt,

137 3062 165 3113 G.
179 3065 203 3125 2,
215 3065 239 3124 1,
254 3064 282 3113 2:
306 3064 353 3127 qui
365 3066 477 3127 patorem
493 3066 646 3114 nostrorum
697 3062 748 3112 wie
772 3076 793 3113 c.
813 3064 853 3124 19,
872 3064 900 3113 2:
926 3063 1067 3129 Expositis
1087 3068 1212 3117 omnibus

135 3128 437 3181 iuomoiiaomnidattia
448 3129 647 3181 camararium·
698 3131 782 3194 copiis
815 3130 964 3191 Antonius,
1000 3148 1116 3196 quarum
1151 3137 1214 3184 erat

135 3214 185 3248 aas
195 3196 364 3261 Cimbrosque
376 3201 450 3248 intra
459 3198 597 3258 finessuos
605 3201 647 3248 in·
696 3213 800 3247 serame
812 3216 862 3258 —;
880 3212 901 3249 c.
915 3201 955 3262 16,
968 3203 1005 3250 32¹
1016 3203 1112 3265 quidus
1128 3205 1211 3267 impe·

134 3265 215 3328 gredi
229 3266 432 3329 prohibuerint5
449 3265 478 3316 B.
488 3265 514 3318 G.
525 3268 549 3328 2,
563 3268 603 3329 14,
613 3270 645 3318 ὃς
697 3266 762 3315 ditis
781 3264 887 3330 Caesar,
904 3267 977 3329 quod
995 3265 1056 3327 fore
1069 3270 1212 3333 praeuide-

136 3331 647 3398 rcliquosinfectareinoppidmnrepu-
696 3336 751 3396 rat,
768 3361 801 3369 -
813 3333 924 3394 eduxit,-
941 3333 970 3385 B.
980 3334 1008 3386 G.
1022 3339 1045 3398 1,
1060 3339 1100 3399 11,
1116 3342 1142 3389 1:
1162 3338 1214 3390 Ca-

138 3399 454 3465 femint58all.lng.10,f:
463 3416 580 3465 paruum
589 3416 647 3466 ago,
697 3402 761 3450 stris
772 3400 809 3452 ad
820 3408 992 3466 campartem
1010 3404 1103 3469 oppidi
1110 3409 1211 3470 positis

136 3469 278 3533 Iugurtha,
290 3472 315 3517 te
327 3471 423 3518 aruisse
430 3474 516 3533 patre,
527 3471 585 3518 sine
593 3485 646 3534 spe,
699 3467 808 3532 Caesar,
837 3485 906 3534 quae
934 3471 1039 3521 aditum
1065 3479 1214 3538 angustum

136 3537 646 3602 sincopibusinmcumregnumacoepi.
697 3538 818 3588 babebat.
854 3536 912 3602 Vgl.
930 3538 1020 3590 ebend.
1040 3544 1153 3605 c.81,1.

170 3602 218 3658 ie.
244 3606 266 3655 1.
289 3608 419 3671 utsupra
437 3605 646 3655 demonstratum
732 3608 755 3658 2.
773 3603 899 3667 faucibus
914 3611 1053 3672 portm:1
1084 3611 1115 3662 25
1139 3613 1201 3663 ai

137 3677 184 3724 ert.
202 3671 278 3724 Dicse
286 3672 375 3725 Worte
387 3671 498 3736 kdnncn,
511 3672 542 3723 da
553 3689 574 3724 c.
582 3676 643 3735 31,1
697 3676 739 3738 24,
750 3677 772 3725 1.
785 3703 819 3710 —
830 3690 1000 3739 superquam
1012 3676 1093 3741 (nicht
1103 3694 1123 3730 s.
1137 3678 1214 3742 qua).

137 3757 184 3793 nur
206 3745 297 3806 gesagt
320 3741 354 3793 ist
378 3741 490 3792 mucosa
510 3740 588 3792 Orico
611 3741 646 3790 te·
698 3741 785 3807 Super
797 3742 862 3793 wird
879 3742 906 3792 in
924 3742 1210 3812 drtlicberBedeutung

134 3811 229 3873 gioac,
251 3825 332 3876 quam
349 3839 382 3847 -
401 3812 544 3874 posuerat,
567 3809 645 3870 nicht,
696 3811 723 3860 in
741 3808 821 3862 Prosa
838 3826 886 3862 nur
903 3811 949 3861 mit
967 3810 1024 3862 dem
1042 3814 1135 3865 Aecus.
1153 3829 1213 3866 ver·

138 3877 187 3928 wie
206 3891 234 3928 es
245 3877 311 3929 nach
324 3877 367 3932 der
380 3875 498 3944 Stellung
512 3876 645 3931 desselben
696 3878 808 3934 bunden.
826 3908 859 3917 -
878 3878 1014 3941 effectam:
1035 3883 1148 3948 1,18,6.
