<?xml version="1.0" encoding="UTF-8"?>
<!DOCTYPE html PUBLIC "-//W3C//DTD XHTML 1.0 Transitional//EN"
    "http://www.w3.org/TR/xhtml1/DTD/xhtml1-transitional.dtd">
<html xmlns="http://www.w3.org/1999/xhtml" xml:lang="en" lang="en">
 <head>
  <title>
</title>
<meta http-equiv="Content-Type" content="text/html;charset=utf-8" />
  <meta name='ocr-system' content='tesseract 3.04.00' />
  <meta name='ocr-capabilities' content='ocr_page ocr_carea ocr_par ocr_line ocrx_word'/>
</head>
<body>
  <div class='ocr_page' id='page_1' title='image "./ciuliicaesarisc01caesgoog/ciuliicaesarisc01caesgoog_0236.png"; bbox 0 0 2626 4416; ppageno 0'>
   <div class='ocr_carea' id='block_1_1' title="bbox 541 235 1260 298">
    <p class='ocr_par' dir='ltr' id='par_1_1' title="bbox 541 235 1260 298">
     <span class='ocr_line' id='line_1_1' title="bbox 541 235 1260 298; baseline 0.01 -6"><span class='ocrx_word' id='word_1_1' title='bbox 541 237 579 295; x_wconf 94' lang='lat' dir='ltr'>lll.</span> <span class='ocrx_word' id='word_1_2' title='bbox 599 240 727 294; x_wconf 82' lang='lat' dir='ltr'>tto-101.</span> <span class='ocrx_word' id='word_1_3' title='bbox 1107 235 1169 298; x_wconf 74' lang='lat'>229</span> <span class='ocrx_word' id='word_1_4' title='bbox 1255 276 1260 284; x_wconf 93' lang='lat'><strong>·</strong></span> 
     </span>
    </p>
   </div>
   <div class='ocr_carea' id='block_1_2' title="bbox 98 411 1211 2108">
    <p class='ocr_par' dir='ltr' id='par_1_2' title="bbox 98 411 1211 2108">
     <span class='ocr_line' id='line_1_2' title="bbox 98 411 1194 494; baseline 0 -19"><span class='ocrx_word' id='word_1_5' title='bbox 98 414 184 494; x_wconf 87' lang='lat' dir='ltr'>prius</span> <span class='ocrx_word' id='word_1_6' title='bbox 199 413 314 475; x_wconf 83' lang='lat' dir='ltr'>Cassius</span> <span class='ocrx_word' id='word_1_7' title='bbox 329 413 364 474; x_wconf 93' lang='lat' dir='ltr'>ad</span> <span class='ocrx_word' id='word_1_8' title='bbox 380 411 545 474; x_wconf 81' lang='lat' dir='ltr'>Messanam</span> <span class='ocrx_word' id='word_1_9' title='bbox 566 412 689 473; x_wconf 85' lang='lat' dir='ltr'>navibus</span> <span class='ocrx_word' id='word_1_10' title='bbox 704 411 863 486; x_wconf 86' lang='lat' dir='ltr'>advolavit,</span> <span class='ocrx_word' id='word_1_11' title='bbox 885 430 973 491; x_wconf 90' lang='lat' dir='ltr'>quam</span> <span class='ocrx_word' id='word_1_12' title='bbox 988 413 1170 492; x_wconf 89' lang='lat' dir='ltr'>Pomponius</span> <span class='ocrx_word' id='word_1_13' title='bbox 1183 427 1194 433; x_wconf 87' lang='grc'><em>·</em></span> 
     </span>
     <span class='ocr_line' id='line_1_3' title="bbox 100 496 1208 576; baseline -0.001 -16"><span class='ocrx_word' id='word_1_14' title='bbox 100 500 136 560; x_wconf 89' lang='lat' dir='ltr'>de</span> <span class='ocrx_word' id='word_1_15' title='bbox 152 499 215 560; x_wconf 85' lang='lat' dir='ltr'>eius</span> <span class='ocrx_word' id='word_1_16' title='bbox 229 499 354 559; x_wconf 82' lang='lat' dir='ltr'>adventu</span> <span class='ocrx_word' id='word_1_17' title='bbox 370 506 582 576; x_wconf 89' lang='lat' dir='ltr'>cognosceret,</span> <span class='ocrx_word' id='word_1_18' title='bbox 597 496 864 576; x_wconf 82' lang='lat' dir='ltr'>perturbatumque</span> <span class='ocrx_word' id='word_1_19' title='bbox 879 516 946 571; x_wconf 92' lang='lat' dir='ltr'>eum</span> <span class='ocrx_word' id='word_1_20' title='bbox 963 506 1068 559; x_wconf 92' lang='lat' dir='ltr'>nactus</span> <span class='ocrx_word' id='word_1_21' title='bbox 1083 498 1172 559; x_wconf 92' lang='lat' dir='ltr'>nullis</span> <span class='ocrx_word' id='word_1_22' title='bbox 1194 507 1208 559; x_wconf 81' lang='lat'><strong>2</strong></span> 
     </span>
     <span class='ocr_line' id='line_1_4' title="bbox 100 581 1170 661; baseline -0.001 -17"><span class='ocrx_word' id='word_1_23' title='bbox 100 583 240 645; x_wconf 86' lang='lat' dir='ltr'>custodiis</span> <span class='ocrx_word' id='word_1_24' title='bbox 262 602 360 661; x_wconf 90' lang='lat' dir='ltr'>neque</span> <span class='ocrx_word' id='word_1_25' title='bbox 376 581 532 643; x_wconf 83' lang='lat' dir='ltr'>ordinibus</span> <span class='ocrx_word' id='word_1_26' title='bbox 554 582 643 643; x_wconf 89' lang='lat' dir='ltr'>certis</span> <span class='ocrx_word' id='word_1_27' title='bbox 657 600 765 660; x_wconf 91' lang='lat' dir='ltr'>magno</span> <span class='ocrx_word' id='word_1_28' title='bbox 787 591 876 643; x_wconf 90' lang='lat' dir='ltr'>vento</span> <span class='ocrx_word' id='word_1_29' title='bbox 898 592 927 643; x_wconf 94' lang='lat' dir='ltr'>et</span> <span class='ocrx_word' id='word_1_30' title='bbox 942 584 1073 645; x_wconf 91' lang='lat' dir='ltr'>secundo</span> <span class='ocrx_word' id='word_1_31' title='bbox 1089 601 1170 643; x_wconf 89' lang='lat' dir='ltr'>corn-</span> 
     </span>
     <span class='ocr_line' id='line_1_5' title="bbox 98 665 1170 749; baseline 0.001 -20"><span class='ocrx_word' id='word_1_32' title='bbox 98 668 191 749; x_wconf 89' lang='lat' dir='ltr'>pletas</span> <span class='ocrx_word' id='word_1_33' title='bbox 213 668 366 728; x_wconf 85' lang='lat' dir='ltr'>onerarias</span> <span class='ocrx_word' id='word_1_34' title='bbox 388 685 477 728; x_wconf 87' lang='lat' dir='ltr'>naves</span> <span class='ocrx_word' id='word_1_35' title='bbox 492 667 576 728; x_wconf 89' lang='lat' dir='ltr'>taeda</span> <span class='ocrx_word' id='word_1_36' title='bbox 592 674 621 726; x_wconf 89' lang='lat' dir='ltr'>et</span> <span class='ocrx_word' id='word_1_37' title='bbox 635 665 701 745; x_wconf 86' lang='lat' dir='ltr'>pice</span> <span class='ocrx_word' id='word_1_38' title='bbox 723 674 753 727; x_wconf 90' lang='lat' dir='ltr'>ct</span> <span class='ocrx_word' id='word_1_39' title='bbox 767 676 854 746; x_wconf 89' lang='lat' dir='ltr'>stupa</span> <span class='ocrx_word' id='word_1_40' title='bbox 874 667 1055 746; x_wconf 85' lang='lat' dir='ltr'>reliquisque</span> <span class='ocrx_word' id='word_1_41' title='bbox 1070 667 1170 742; x_wconf 90' lang='lat' dir='ltr'>rebus,</span> 
     </span>
     <span class='ocr_line' id='line_1_6' title="bbox 99 750 1171 836; baseline -0.001 -22"><span class='ocrx_word' id='word_1_42' title='bbox 99 771 174 833; x_wconf 90' lang='lat' dir='ltr'>quae</span> <span class='ocrx_word' id='word_1_43' title='bbox 189 761 259 814; x_wconf 89' lang='lat' dir='ltr'>sunt</span> <span class='ocrx_word' id='word_1_44' title='bbox 274 751 309 811; x_wconf 92' lang='lat' dir='ltr'>ad</span> <span class='ocrx_word' id='word_1_45' title='bbox 325 751 478 825; x_wconf 88' lang='lat' dir='ltr'>incendia,</span> <span class='ocrx_word' id='word_1_46' title='bbox 499 751 529 811; x_wconf 93' lang='lat' dir='ltr'>in</span> <span class='ocrx_word' id='word_1_47' title='bbox 545 750 781 836; x_wconf 83' lang='lat' dir='ltr'>Pomponianam</span> <span class='ocrx_word' id='word_1_48' title='bbox 802 752 926 813; x_wconf 82' lang='lat' dir='ltr'>classem</span> <span class='ocrx_word' id='word_1_49' title='bbox 945 752 1064 814; x_wconf 89' lang='lat' dir='ltr'>immisit</span> <span class='ocrx_word' id='word_1_50' title='bbox 1083 762 1171 832; x_wconf 89' lang='lat' dir='ltr'>atque</span> 
     </span>
     <span class='ocr_line' id='line_1_7' title="bbox 99 835 1209 915; baseline -0.002 -15"><span class='ocrx_word' id='word_1_51' title='bbox 99 857 204 900; x_wconf 87' lang='lat' dir='ltr'>omnes</span> <span class='ocrx_word' id='word_1_52' title='bbox 220 856 309 897; x_wconf 91' lang='lat' dir='ltr'>naves</span> <span class='ocrx_word' id='word_1_53' title='bbox 324 835 458 897; x_wconf 79' lang='lat' dir='ltr'>incendit</span> <span class='ocrx_word' id='word_1_54' title='bbox 472 855 555 909; x_wconf 81' lang='lat' dir='ltr'>xxxv,</span> <span class='ocrx_word' id='word_1_55' title='bbox 572 855 588 896; x_wconf 92' lang='lat' dir='ltr'>e</span> <span class='ocrx_word' id='word_1_56' title='bbox 603 835 712 915; x_wconf 91' lang='lat' dir='ltr'>quibus</span> <span class='ocrx_word' id='word_1_57' title='bbox 727 845 812 897; x_wconf 89' lang='lat' dir='ltr'>erant</span> <span class='ocrx_word' id='word_1_58' title='bbox 826 855 864 896; x_wconf 84' lang='lat' dir='ltr'>xx</span> <span class='ocrx_word' id='word_1_59' title='bbox 879 846 1055 908; x_wconf 88' lang='lat' dir='ltr'>constratae.</span> <span class='ocrx_word' id='word_1_60' title='bbox 1091 838 1171 898; x_wconf 88' lang='lat' dir='ltr'>Tan·</span> <span class='ocrx_word' id='word_1_61' title='bbox 1195 849 1209 898; x_wconf 83' lang='lat'><strong><em>3</em></strong></span> 
     </span>
     <span class='ocr_line' id='line_1_8' title="bbox 99 920 1172 1002; baseline 0 -18"><span class='ocrx_word' id='word_1_62' title='bbox 99 935 207 1002; x_wconf 92' lang='lat' dir='ltr'>tusque</span> <span class='ocrx_word' id='word_1_63' title='bbox 223 941 259 982; x_wconf 92' lang='lat' dir='ltr'>eo</span> <span class='ocrx_word' id='word_1_64' title='bbox 271 922 348 982; x_wconf 87' lang='lat' dir='ltr'>lacto</span> <span class='ocrx_word' id='word_1_65' title='bbox 364 921 454 981; x_wconf 88' lang='lat' dir='ltr'>timor</span> <span class='ocrx_word' id='word_1_66' title='bbox 468 920 598 995; x_wconf 85' lang='lat' dir='ltr'>incessit,</span> <span class='ocrx_word' id='word_1_67' title='bbox 614 929 657 995; x_wconf 91' lang='lat' dir='ltr'>ut,</span> <span class='ocrx_word' id='word_1_68' title='bbox 673 938 740 981; x_wconf 90' lang='lat' dir='ltr'>cum</span> <span class='ocrx_word' id='word_1_69' title='bbox 753 929 831 998; x_wconf 84' lang='lat' dir='ltr'>essct</span> <span class='ocrx_word' id='word_1_70' title='bbox 844 921 921 1000; x_wconf 88' lang='lat' dir='ltr'>legio</span> <span class='ocrx_word' id='word_1_71' title='bbox 936 923 1083 1002; x_wconf 88' lang='lat' dir='ltr'>praesidio</span> <span class='ocrx_word' id='word_1_72' title='bbox 1095 923 1172 984; x_wconf 88' lang='lat' dir='ltr'>Mes·</span> 
     </span>
     <span class='ocr_line' id='line_1_9' title="bbox 99 1006 1173 1087; baseline 0 -18"><span class='ocrx_word' id='word_1_73' title='bbox 99 1026 203 1081; x_wconf 88' lang='lat' dir='ltr'>sanae,</span> <span class='ocrx_word' id='word_1_74' title='bbox 219 1007 265 1067; x_wconf 86' lang='lat' dir='ltr'>vix</span> <span class='ocrx_word' id='word_1_75' title='bbox 281 1006 421 1087; x_wconf 92' lang='lat' dir='ltr'>oppidum</span> <span class='ocrx_word' id='word_1_76' title='bbox 432 1007 652 1081; x_wconf 83' lang='lat' dir='ltr'>defenderetur,</span> <span class='ocrx_word' id='word_1_77' title='bbox 670 1015 700 1066; x_wconf 90' lang='lat' dir='ltr'>et</span> <span class='ocrx_word' id='word_1_78' title='bbox 711 1006 768 1068; x_wconf 85' lang='lat' dir='ltr'>nisi</span> <span class='ocrx_word' id='word_1_79' title='bbox 783 1025 819 1067; x_wconf 90' lang='lat' dir='ltr'>eo</span> <span class='ocrx_word' id='word_1_80' title='bbox 833 1006 899 1086; x_wconf 92' lang='lat' dir='ltr'>ipso</span> <span class='ocrx_word' id='word_1_81' title='bbox 909 1014 1044 1087; x_wconf 91' lang='lat' dir='ltr'>tempore</span> <span class='ocrx_word' id='word_1_82' title='bbox 1054 1008 1173 1086; x_wconf 93' lang='lat' dir='ltr'>quidam</span> 
     </span>
     <span class='ocr_line' id='line_1_10' title="bbox 101 1090 1172 1171; baseline -0.001 -16"><span class='ocrx_word' id='word_1_83' title='bbox 101 1092 198 1155; x_wconf 91' lang='lat' dir='ltr'>nuntii</span> <span class='ocrx_word' id='word_1_84' title='bbox 214 1092 250 1152; x_wconf 92' lang='lat' dir='ltr'>de</span> <span class='ocrx_word' id='word_1_85' title='bbox 263 1090 394 1153; x_wconf 88' lang='lat' dir='ltr'>Caesaris</span> <span class='ocrx_word' id='word_1_86' title='bbox 405 1091 525 1152; x_wconf 90' lang='lat' dir='ltr'>victoria</span> <span class='ocrx_word' id='word_1_87' title='bbox 536 1110 591 1171; x_wconf 87' lang='lat' dir='ltr'>per</span> <span class='ocrx_word' id='word_1_88' title='bbox 602 1091 760 1170; x_wconf 88' lang='lat' dir='ltr'>dispositos</span> <span class='ocrx_word' id='word_1_89' title='bbox 771 1092 886 1170; x_wconf 88' lang='lat' dir='ltr'>equites</span> <span class='ocrx_word' id='word_1_90' title='bbox 897 1101 998 1153; x_wconf 91' lang='lat' dir='ltr'>essent</span> <span class='ocrx_word' id='word_1_91' title='bbox 1010 1092 1096 1166; x_wconf 86' lang='lat' dir='ltr'>allati,</span> <span class='ocrx_word' id='word_1_92' title='bbox 1112 1094 1172 1154; x_wconf 82' lang='lat' dir='ltr'>eni-</span> 
     </span>
     <span class='ocr_line' id='line_1_11' title="bbox 100 1176 1211 1257; baseline 0 -18"><span class='ocrx_word' id='word_1_93' title='bbox 100 1177 258 1240; x_wconf 90' lang='lat' dir='ltr'>stimabant</span> <span class='ocrx_word' id='word_1_94' title='bbox 272 1177 407 1256; x_wconf 89' lang='lat' dir='ltr'>plerique</span> <span class='ocrx_word' id='word_1_95' title='bbox 419 1177 551 1237; x_wconf 81' lang='lat' dir='ltr'>futurum</span> <span class='ocrx_word' id='word_1_96' title='bbox 565 1176 664 1251; x_wconf 87' lang='lat' dir='ltr'>luisse,</span> <span class='ocrx_word' id='word_1_97' title='bbox 683 1177 725 1237; x_wconf 92' lang='lat' dir='ltr'>uti</span> <span class='ocrx_word' id='word_1_98' title='bbox 737 1177 930 1238; x_wconf 84' lang='lat' dir='ltr'>amitteretur.</span> <span class='ocrx_word' id='word_1_99' title='bbox 959 1177 1016 1237; x_wconf 89' lang='lat' dir='ltr'>Sed</span> <span class='ocrx_word' id='word_1_100' title='bbox 1031 1187 1174 1257; x_wconf 90' lang='lat' dir='ltr'>opportu-</span> <span class='ocrx_word' id='word_1_101' title='bbox 1196 1189 1211 1238; x_wconf 80' lang='lat' dir='ltr'>t</span> 
     </span>
     <span class='ocr_line' id='line_1_12' title="bbox 101 1262 1174 1343; baseline -0.001 -19"><span class='ocrx_word' id='word_1_102' title='bbox 101 1263 221 1324; x_wconf 88' lang='lat' dir='ltr'>nissime</span> <span class='ocrx_word' id='word_1_103' title='bbox 232 1262 347 1323; x_wconf 91' lang='lat' dir='ltr'>nuntiis</span> <span class='ocrx_word' id='word_1_104' title='bbox 353 1262 446 1323; x_wconf 89' lang='lat' dir='ltr'>allatis</span> <span class='ocrx_word' id='word_1_105' title='bbox 458 1262 598 1341; x_wconf 91' lang='lat' dir='ltr'>oppidum</span> <span class='ocrx_word' id='word_1_106' title='bbox 611 1262 830 1338; x_wconf 79' lang='lat' dir='ltr'>estdelensum3</span> <span class='ocrx_word' id='word_1_107' title='bbox 843 1262 1019 1341; x_wconf 85' lang='lat' dir='ltr'>Cassiusque</span> <span class='ocrx_word' id='word_1_108' title='bbox 1031 1264 1066 1323; x_wconf 93' lang='lat' dir='ltr'>ad</span> <span class='ocrx_word' id='word_1_109' title='bbox 1074 1263 1174 1343; x_wconf 86' lang='lat' dir='ltr'>Sulpi-</span> 
     </span>
     <span class='ocr_line' id='line_1_13' title="bbox 101 1346 1174 1428; baseline -0.002 -18"><span class='ocrx_word' id='word_1_110' title='bbox 101 1346 1174 1428; x_wconf 84' lang='lat' dir='ltr'>cinnamiudeclassemprofectusestVibonem,appbcatisquenostrisad</span> 
     </span>
     <span class='ocr_line' id='line_1_14' title="bbox 100 1431 1211 1513; baseline -0.002 -18"><span class='ocrx_word' id='word_1_111' title='bbox 100 1444 210 1495; x_wconf 89' lang='lat' dir='ltr'>terram</span> <span class='ocrx_word' id='word_1_112' title='bbox 222 1432 345 1494; x_wconf 89' lang='lat' dir='ltr'>navibus</span> <span class='ocrx_word' id='word_1_113' title='bbox 356 1441 480 1512; x_wconf 88' lang='lat' dir='ltr'>propter</span> <span class='ocrx_word' id='word_1_114' title='bbox 491 1431 619 1492; x_wconf 88' lang='lat' dir='ltr'>eundem</span> <span class='ocrx_word' id='word_1_115' title='bbox 631 1431 768 1493; x_wconf 89' lang='lat' dir='ltr'>timorem</span> <span class='ocrx_word' id='word_1_116' title='bbox 783 1432 947 1513; x_wconf 85' lang='lat' dir='ltr'>pariatque</span> <span class='ocrx_word' id='word_1_117' title='bbox 963 1442 1050 1495; x_wconf 88' lang='lat' dir='ltr'>antea</span> <span class='ocrx_word' id='word_1_118' title='bbox 1061 1434 1175 1495; x_wconf 90' lang='lat' dir='ltr'>ratione</span> <span class='ocrx_word' id='word_1_119' title='bbox 1197 1443 1211 1493; x_wconf 83' lang='lat' dir='ltr'>t</span> 
     </span>
     <span class='ocr_line' id='line_1_15' title="bbox 100 1515 1174 1601; baseline -0.001 -21"><span class='ocrx_word' id='word_1_120' title='bbox 100 1518 264 1580; x_wconf 91' lang='lat' dir='ltr'>secundum</span> <span class='ocrx_word' id='word_1_121' title='bbox 281 1526 387 1577; x_wconf 89' lang='lat' dir='ltr'>nactus</span> <span class='ocrx_word' id='word_1_122' title='bbox 400 1525 523 1577; x_wconf 80' lang='lat' dir='ltr'>ventum</span> <span class='ocrx_word' id='word_1_123' title='bbox 537 1517 689 1579; x_wconf 90' lang='lat' dir='ltr'>onerarias</span> <span class='ocrx_word' id='word_1_124' title='bbox 704 1536 793 1579; x_wconf 85' lang='lat' dir='ltr'>naves</span> <span class='ocrx_word' id='word_1_125' title='bbox 808 1515 938 1601; x_wconf 89' lang='lat' dir='ltr'>[circiter</span> <span class='ocrx_word' id='word_1_126' title='bbox 952 1515 1001 1600; x_wconf 84' lang='lat' dir='ltr'>rm]</span> <span class='ocrx_word' id='word_1_127' title='bbox 1016 1537 1174 1599; x_wconf 89' lang='lat' dir='ltr'>praepara·</span> 
     </span>
     <span class='ocr_line' id='line_1_16' title="bbox 101 1600 1174 1683; baseline 0 -20"><span class='ocrx_word' id='word_1_128' title='bbox 101 1613 145 1664; x_wconf 90' lang='lat' dir='ltr'>tas</span> <span class='ocrx_word' id='word_1_129' title='bbox 157 1603 193 1663; x_wconf 95' lang='lat' dir='ltr'>ad</span> <span class='ocrx_word' id='word_1_130' title='bbox 205 1601 377 1662; x_wconf 92' lang='lat' dir='ltr'>incendium</span> <span class='ocrx_word' id='word_1_131' title='bbox 388 1601 517 1677; x_wconf 81' lang='lat' dir='ltr'>immisit,</span> <span class='ocrx_word' id='word_1_132' title='bbox 533 1610 564 1662; x_wconf 92' lang='lat' dir='ltr'>et</span> <span class='ocrx_word' id='word_1_133' title='bbox 573 1602 689 1662; x_wconf 88' lang='lat' dir='ltr'>flamma</span> <span class='ocrx_word' id='word_1_134' title='bbox 701 1600 738 1662; x_wconf 90' lang='lat' dir='ltr'>ab</span> <span class='ocrx_word' id='word_1_135' title='bbox 750 1611 878 1681; x_wconf 89' lang='lat' dir='ltr'>utroque</span> <span class='ocrx_word' id='word_1_136' title='bbox 890 1621 985 1663; x_wconf 92' lang='lat' dir='ltr'>cornu</span> <span class='ocrx_word' id='word_1_137' title='bbox 998 1621 1174 1683; x_wconf 92' lang='lat' dir='ltr'>comprensa</span> 
     </span>
     <span class='ocr_line' id='line_1_17' title="bbox 102 1684 1211 1768; baseline 0 -20"><span class='ocrx_word' id='word_1_138' title='bbox 102 1706 190 1748; x_wconf 88' lang='lat' dir='ltr'>naves</span> <span class='ocrx_word' id='word_1_139' title='bbox 202 1695 272 1748; x_wconf 89' lang='lat' dir='ltr'>sunt</span> <span class='ocrx_word' id='word_1_140' title='bbox 284 1684 455 1748; x_wconf 88' lang='lat' dir='ltr'>combustae</span> <span class='ocrx_word' id='word_1_141' title='bbox 475 1686 617 1765; x_wconf 90' lang='lat' dir='ltr'>quinque.</span> <span class='ocrx_word' id='word_1_142' title='bbox 645 1687 778 1766; x_wconf 93' lang='lat' dir='ltr'>Cumque</span> <span class='ocrx_word' id='word_1_143' title='bbox 793 1688 870 1768; x_wconf 92' lang='lat' dir='ltr'>ignis</span> <span class='ocrx_word' id='word_1_144' title='bbox 881 1688 1084 1768; x_wconf 81' lang='lat' dir='ltr'>magnitudine</span> <span class='ocrx_word' id='word_1_145' title='bbox 1095 1690 1175 1749; x_wconf 86' lang='lat' dir='ltr'>venti</span> <span class='ocrx_word' id='word_1_146' title='bbox 1196 1699 1211 1748; x_wconf 87' lang='lat'>6</span> 
     </span>
     <span class='ocr_line' id='line_1_18' title="bbox 101 1771 1175 1852; baseline 0 -18"><span class='ocrx_word' id='word_1_147' title='bbox 101 1772 187 1834; x_wconf 89' lang='lat' dir='ltr'>latius</span> <span class='ocrx_word' id='word_1_148' title='bbox 202 1780 345 1851; x_wconf 89' lang='lat' dir='ltr'>serperet,</span> <span class='ocrx_word' id='word_1_149' title='bbox 360 1771 485 1846; x_wconf 92' lang='lat' dir='ltr'>milites,</span> <span class='ocrx_word' id='word_1_150' title='bbox 507 1771 557 1850; x_wconf 93' lang='lat' dir='ltr'>qui</span> <span class='ocrx_word' id='word_1_151' title='bbox 573 1791 608 1833; x_wconf 86' lang='lat' dir='ltr'>ex</span> <span class='ocrx_word' id='word_1_152' title='bbox 623 1771 771 1834; x_wconf 88' lang='lat' dir='ltr'>veteribus</span> <span class='ocrx_word' id='word_1_153' title='bbox 792 1772 960 1852; x_wconf 85' lang='lat' dir='ltr'>legionibus</span> <span class='ocrx_word' id='word_1_154' title='bbox 980 1782 1065 1834; x_wconf 92' lang='lat' dir='ltr'>erant</span> <span class='ocrx_word' id='word_1_155' title='bbox 1080 1773 1175 1834; x_wconf 88' lang='lat' dir='ltr'>relicti</span> 
     </span>
     <span class='ocr_line' id='line_1_19' title="bbox 101 1856 1175 1938; baseline 0.001 -20"><span class='ocrx_word' id='word_1_156' title='bbox 101 1857 248 1938; x_wconf 88' lang='lat' dir='ltr'>praesidio</span> <span class='ocrx_word' id='word_1_157' title='bbox 265 1856 388 1918; x_wconf 91' lang='lat' dir='ltr'>navibus</span> <span class='ocrx_word' id='word_1_158' title='bbox 410 1876 446 1917; x_wconf 84' lang='lat' dir='ltr'>ex</span> <span class='ocrx_word' id='word_1_159' title='bbox 466 1875 593 1918; x_wconf 87' lang='lat' dir='ltr'>numero</span> <span class='ocrx_word' id='word_1_160' title='bbox 614 1876 785 1937; x_wconf 89' lang='lat' dir='ltr'>aegrorum,</span> <span class='ocrx_word' id='word_1_161' title='bbox 809 1858 1000 1936; x_wconf 85' lang='lat' dir='ltr'>ignominiam</span> <span class='ocrx_word' id='word_1_162' title='bbox 1022 1878 1083 1920; x_wconf 92' lang='lat' dir='ltr'>non</span> <span class='ocrx_word' id='word_1_163' title='bbox 1099 1859 1175 1919; x_wconf 89' lang='lat' dir='ltr'>tule-</span> 
     </span>
     <span class='ocr_line' id='line_1_20' title="bbox 101 1942 1176 2021; baseline 0.002 -18"><span class='ocrx_word' id='word_1_164' title='bbox 101 1951 182 2018; x_wconf 89' lang='lat' dir='ltr'>runt,</span> <span class='ocrx_word' id='word_1_165' title='bbox 198 1942 249 2002; x_wconf 90' lang='lat' dir='ltr'>sed</span> <span class='ocrx_word' id='word_1_166' title='bbox 271 1960 323 2002; x_wconf 92' lang='lat' dir='ltr'>sua</span> <span class='ocrx_word' id='word_1_167' title='bbox 345 1951 452 2021; x_wconf 91' lang='lat' dir='ltr'>sponte</span> <span class='ocrx_word' id='word_1_168' title='bbox 475 1960 564 2003; x_wconf 92' lang='lat' dir='ltr'>naves</span> <span class='ocrx_word' id='word_1_169' title='bbox 586 1943 827 2004; x_wconf 89' lang='lat' dir='ltr'>conscenderunt</span> <span class='ocrx_word' id='word_1_170' title='bbox 849 1952 909 2004; x_wconf 89' lang='lat' dir='ltr'>eta</span> <span class='ocrx_word' id='word_1_171' title='bbox 931 1951 1009 2004; x_wconf 89' lang='lat' dir='ltr'>terra</span> <span class='ocrx_word' id='word_1_172' title='bbox 1024 1944 1176 2005; x_wconf 87' lang='lat' dir='ltr'>solverunt</span> 
     </span>
     <span class='ocr_line' id='line_1_21' title="bbox 101 2025 1174 2108; baseline 0.001 -20"><span class='ocrx_word' id='word_1_173' title='bbox 101 2029 274 2108; x_wconf 90' lang='lat' dir='ltr'>impetuque</span> <span class='ocrx_word' id='word_1_174' title='bbox 296 2028 373 2087; x_wconf 86' lang='lat' dir='ltr'>lacto</span> <span class='ocrx_word' id='word_1_175' title='bbox 396 2027 427 2087; x_wconf 95' lang='lat' dir='ltr'>in</span> <span class='ocrx_word' id='word_1_176' title='bbox 450 2025 616 2088; x_wconf 89' lang='lat' dir='ltr'>Cassianam</span> <span class='ocrx_word' id='word_1_177' title='bbox 640 2028 762 2089; x_wconf 86' lang='lat' dir='ltr'>classem</span> <span class='ocrx_word' id='word_1_178' title='bbox 788 2027 1011 2107; x_wconf 88' lang='lat' dir='ltr'>quinqueremis</span> <span class='ocrx_word' id='word_1_179' title='bbox 1033 2027 1120 2103; x_wconf 91' lang='lat' dir='ltr'>duas,</span> <span class='ocrx_word' id='word_1_180' title='bbox 1144 2027 1174 2089; x_wconf 97' lang='lat' dir='ltr'>in</span> 
     </span>
    </p>
   </div>
   <div class='ocr_carea' id='block_1_3' title="bbox 98 2142 1233 3967">
    <p class='ocr_par' dir='ltr' id='par_1_3' title="bbox 102 2142 1175 2277">
     <span class='ocr_line' id='line_1_22' title="bbox 103 2142 1175 2210; baseline -0.001 -13"><span class='ocrx_word' id='word_1_181' title='bbox 103 2147 135 2197; x_wconf 85' lang='lat' dir='ltr'>de</span> <span class='ocrx_word' id='word_1_182' title='bbox 152 2145 269 2197; x_wconf 79' lang='lat' dir='ltr'>adventu</span> <span class='ocrx_word' id='word_1_183' title='bbox 287 2148 467 2208; x_wconf 77' lang='lat' dir='ltr'>cognosceret.</span> <span class='ocrx_word' id='word_1_184' title='bbox 495 2143 521 2196; x_wconf 92' lang='lat' dir='ltr'>S.</span> <span class='ocrx_word' id='word_1_185' title='bbox 540 2160 572 2196; x_wconf 83' lang='lat' dir='ltr'>zu</span> <span class='ocrx_word' id='word_1_186' title='bbox 593 2149 614 2207; x_wconf 92' lang='lat' dir='ltr'>l,</span> <span class='ocrx_word' id='word_1_187' title='bbox 667 2142 805 2210; x_wconf 86' lang='lat' dir='ltr'>Sulpicius,</span> <span class='ocrx_word' id='word_1_188' title='bbox 822 2143 877 2196; x_wconf 89' lang='lat' dir='ltr'>ilue</span> <span class='ocrx_word' id='word_1_189' title='bbox 891 2142 985 2196; x_wconf 85' lang='lat' dir='ltr'>Scbilfe</span> <span class='ocrx_word' id='word_1_190' title='bbox 1003 2144 1045 2196; x_wconf 90' lang='lat' dir='ltr'>bei</span> <span class='ocrx_word' id='word_1_191' title='bbox 1057 2144 1175 2197; x_wconf 74' lang='lat' dir='ltr'>bonibe-</span> 
     </span>
     <span class='ocr_line' id='line_1_23' title="bbox 102 2210 1175 2277; baseline -0.002 -11"><span class='ocrx_word' id='word_1_192' title='bbox 102 2215 144 2277; x_wconf 79' lang='lat'>22,</span> <span class='ocrx_word' id='word_1_193' title='bbox 164 2216 188 2266; x_wconf 87' lang='grc'>6.</span> <span class='ocrx_word' id='word_1_194' title='bbox 665 2227 730 2277; x_wconf 90' lang='lat' dir='ltr'>rung</span> <span class='ocrx_word' id='word_1_195' title='bbox 752 2211 797 2263; x_wconf 83' lang='lat' dir='ltr'>des</span> <span class='ocrx_word' id='word_1_196' title='bbox 814 2210 923 2264; x_wconf 76' lang='lat' dir='ltr'>l&#39;eindcs</span> <span class='ocrx_word' id='word_1_197' title='bbox 945 2213 1020 2264; x_wconf 90' lang='lat' dir='ltr'>rasch</span> <span class='ocrx_word' id='word_1_198' title='bbox 1042 2228 1088 2264; x_wconf 89' lang='lat' dir='ltr'>ans</span> <span class='ocrx_word' id='word_1_199' title='bbox 1106 2212 1175 2264; x_wconf 89' lang='lat' dir='ltr'>Land</span> 
     </span>
    </p>

    <p class='ocr_par' dir='ltr' id='par_1_4' title="bbox 98 2279 1233 3641">
     <span class='ocr_line' id='line_1_24' title="bbox 136 2279 1233 2346; baseline -0.002 -12"><span class='ocrx_word' id='word_1_200' title='bbox 136 2285 159 2334; x_wconf 82' lang='lat'>2.</span> <span class='ocrx_word' id='word_1_201' title='bbox 178 2281 261 2332; x_wconf 75' lang='lat' dir='ltr'>nullis</span> <span class='ocrx_word' id='word_1_202' title='bbox 273 2280 404 2331; x_wconf 75' lang='lat' dir='ltr'>custodiis</span> <span class='ocrx_word' id='word_1_203' title='bbox 416 2295 500 2345; x_wconf 84' lang='lat' dir='ltr'>neque</span> <span class='ocrx_word' id='word_1_204' title='bbox 512 2280 615 2331; x_wconf 82' lang='lat' dir='ltr'>ordini·</span> <span class='ocrx_word' id='word_1_205' title='bbox 665 2296 697 2330; x_wconf 92' lang='lat' dir='ltr'>zu</span> <span class='ocrx_word' id='word_1_206' title='bbox 722 2279 828 2346; x_wconf 87' lang='lat' dir='ltr'>bringen</span> <span class='ocrx_word' id='word_1_207' title='bbox 852 2282 927 2332; x_wconf 84' lang='lat' dir='ltr'>unter</span> <span class='ocrx_word' id='word_1_208' title='bbox 944 2280 993 2333; x_wconf 89' lang='lat' dir='ltr'>den</span> <span class='ocrx_word' id='word_1_209' title='bbox 1013 2280 1107 2333; x_wconf 84' lang='lat' dir='ltr'>Sebutz</span> <span class='ocrx_word' id='word_1_210' title='bbox 1131 2280 1184 2333; x_wconf 85' lang='lat' dir='ltr'>der</span> <span class='ocrx_word' id='word_1_211' title='bbox 1230 2279 1233 2286; x_wconf 82' lang='grc'><em>“</em></span> 
     </span>
     <span class='ocr_line' id='line_1_25' title="bbox 100 2347 1176 2414; baseline -0.002 -12"><span class='ocrx_word' id='word_1_212' title='bbox 100 2354 148 2402; x_wconf 76' lang='lat' dir='ltr'>bne</span> <span class='ocrx_word' id='word_1_213' title='bbox 172 2348 228 2402; x_wconf 90' lang='lat' dir='ltr'>sind</span> <span class='ocrx_word' id='word_1_214' title='bbox 255 2348 373 2400; x_wconf 81' lang='lat' dir='ltr'>absolute</span> <span class='ocrx_word' id='word_1_215' title='bbox 395 2348 454 2401; x_wconf 80' lang='lat' dir='ltr'>Abl.</span> <span class='ocrx_word' id='word_1_216' title='bbox 479 2347 532 2399; x_wconf 93' lang='lat' dir='ltr'>und</span> <span class='ocrx_word' id='word_1_217' title='bbox 559 2351 615 2400; x_wconf 87' lang='lat' dir='ltr'>ent·</span> <span class='ocrx_word' id='word_1_218' title='bbox 664 2347 1176 2414; x_wconf 80' lang='lat' dir='ltr'>Besatzungvonllibo.—circitchb</span> 
     </span>
     <span class='ocr_line' id='line_1_26' title="bbox 99 2416 1176 2483; baseline -0.003 -14"><span class='ocrx_word' id='word_1_219' title='bbox 99 2418 187 2470; x_wconf 87' lang='lat' dir='ltr'>halten</span> <span class='ocrx_word' id='word_1_220' title='bbox 199 2416 248 2469; x_wconf 89' lang='lat' dir='ltr'>den</span> <span class='ocrx_word' id='word_1_221' title='bbox 261 2416 346 2469; x_wconf 87' lang='lat' dir='ltr'>Grund</span> <span class='ocrx_word' id='word_1_222' title='bbox 361 2416 406 2468; x_wconf 89' lang='lat' dir='ltr'>des</span> <span class='ocrx_word' id='word_1_223' title='bbox 414 2418 614 2483; x_wconf 79' lang='lat' dir='ltr'>perturbatum.</span> <span class='ocrx_word' id='word_1_224' title='bbox 664 2416 734 2468; x_wconf 88' lang='lat' dir='ltr'>steht</span> <span class='ocrx_word' id='word_1_225' title='bbox 758 2417 784 2467; x_wconf 93' lang='lat' dir='ltr'>in</span> <span class='ocrx_word' id='word_1_226' title='bbox 807 2416 857 2468; x_wconf 91' lang='lat' dir='ltr'>den</span> <span class='ocrx_word' id='word_1_227' title='bbox 875 2416 1070 2470; x_wconf 89' lang='lat' dir='ltr'>llandscbrilten</span> <span class='ocrx_word' id='word_1_228' title='bbox 1093 2417 1176 2468; x_wconf 88' lang='lat' dir='ltr'>binter</span> 
     </span>
     <span class='ocr_line' id='line_1_27' title="bbox 99 2484 1176 2551; baseline -0.002 -14"><span class='ocrx_word' id='word_1_229' title='bbox 99 2486 128 2538; x_wconf 89' lang='grc' dir='ltr'>Β.</span> <span class='ocrx_word' id='word_1_230' title='bbox 136 2485 165 2537; x_wconf 86' lang='lat' dir='ltr'>G.</span> <span class='ocrx_word' id='word_1_231' title='bbox 173 2487 280 2551; x_wconf 72' lang='lat'>5,42,3:</span> <span class='ocrx_word' id='word_1_232' title='bbox 297 2486 373 2536; x_wconf 85' lang='lat' dir='ltr'>nnita</span> <span class='ocrx_word' id='word_1_233' title='bbox 385 2484 613 2546; x_wconf 73' lang='lat' dir='ltr'>fcimacnentorum</span> <span class='ocrx_word' id='word_1_234' title='bbox 665 2487 805 2536; x_wconf 77' lang='lat' dir='ltr'>oneramus</span> <span class='ocrx_word' id='word_1_235' title='bbox 822 2500 914 2548; x_wconf 79' lang='lat' dir='ltr'>noves,</span> <span class='ocrx_word' id='word_1_236' title='bbox 934 2500 962 2537; x_wconf 90' lang='lat' dir='ltr'>so</span> <span class='ocrx_word' id='word_1_237' title='bbox 982 2485 1036 2536; x_wconf 84' lang='lat' dir='ltr'>dass</span> <span class='ocrx_word' id='word_1_238' title='bbox 1055 2484 1096 2536; x_wconf 88' lang='lat' dir='ltr'>die</span> <span class='ocrx_word' id='word_1_239' title='bbox 1113 2484 1176 2536; x_wconf 82' lang='lat' dir='ltr'>Zalrl</span> 
     </span>
     <span class='ocr_line' id='line_1_28' title="bbox 100 2551 1176 2619; baseline -0.001 -16"><span class='ocrx_word' id='word_1_240' title='bbox 100 2556 178 2619; x_wconf 83' lang='lat' dir='ltr'>copia</span> <span class='ocrx_word' id='word_1_241' title='bbox 194 2581 229 2590; x_wconf 90' lang='lat'>-</span> <span class='ocrx_word' id='word_1_242' title='bbox 244 2553 346 2616; x_wconf 78' lang='lat' dir='ltr'>gladiis</span> <span class='ocrx_word' id='word_1_243' title='bbox 365 2557 475 2618; x_wconf 75' lang='lat' dir='ltr'>cespites</span> <span class='ocrx_word' id='word_1_244' title='bbox 499 2555 613 2603; x_wconf 83' lang='lat' dir='ltr'>circnm—</span> <span class='ocrx_word' id='word_1_245' title='bbox 664 2556 708 2604; x_wconf 88' lang='lat' dir='ltr'>der</span> <span class='ocrx_word' id='word_1_246' title='bbox 719 2551 833 2604; x_wconf 90' lang='lat' dir='ltr'>Brander</span> <span class='ocrx_word' id='word_1_247' title='bbox 844 2555 877 2604; x_wconf 84' lang='grc'>40</span> <span class='ocrx_word' id='word_1_248' title='bbox 890 2556 1012 2617; x_wconf 83' lang='lat' dir='ltr'>gewesen</span> <span class='ocrx_word' id='word_1_249' title='bbox 1025 2553 1103 2614; x_wconf 77' lang='lat' dir='ltr'>wire,</span> <span class='ocrx_word' id='word_1_250' title='bbox 1121 2567 1176 2603; x_wconf 86' lang='lat' dir='ltr'>was</span> 
     </span>
     <span class='ocr_line' id='line_1_29' title="bbox 100 2618 1176 2686; baseline -0.001 -15"><span class='ocrx_word' id='word_1_251' title='bbox 100 2622 189 2672; x_wconf 80' lang='lat' dir='ltr'>cidere</span> <span class='ocrx_word' id='word_1_252' title='bbox 205 2623 372 2671; x_wconf 81' lang='lat' dir='ltr'>nitebantur.</span> <span class='ocrx_word' id='word_1_253' title='bbox 388 2647 424 2657; x_wconf 89' lang='lat'>-</span> <span class='ocrx_word' id='word_1_254' title='bbox 438 2636 523 2686; x_wconf 85' lang='lat' dir='ltr'>neque</span> <span class='ocrx_word' id='word_1_255' title='bbox 541 2621 612 2671; x_wconf 79' lang='lat' dir='ltr'>ordi·</span> <span class='ocrx_word' id='word_1_256' title='bbox 664 2620 830 2686; x_wconf 89' lang='lat' dir='ltr'>unglaublich</span> <span class='ocrx_word' id='word_1_257' title='bbox 848 2620 889 2682; x_wconf 86' lang='lat' dir='ltr'>ist,</span> <span class='ocrx_word' id='word_1_258' title='bbox 908 2620 939 2672; x_wconf 87' lang='lat' dir='ltr'>da</span> <span class='ocrx_word' id='word_1_259' title='bbox 957 2620 1086 2685; x_wconf 85' lang='lat' dir='ltr'>vierzig</span> <span class='ocrx_word' id='word_1_260' title='bbox 1097 2618 1176 2671; x_wconf 87' lang='lat' dir='ltr'>Bran-</span> 
     </span>
     <span class='ocr_line' id='line_1_30' title="bbox 99 2687 1175 2754; baseline 0.001 -15"><span class='ocrx_word' id='word_1_261' title='bbox 99 2691 179 2739; x_wconf 75' lang='lat' dir='ltr'>nibus</span> <span class='ocrx_word' id='word_1_262' title='bbox 192 2690 286 2738; x_wconf 78' lang='lat' dir='ltr'>certis:</span> <span class='ocrx_word' id='word_1_263' title='bbox 304 2687 335 2739; x_wconf 89' lang='lat' dir='ltr'>da</span> <span class='ocrx_word' id='word_1_264' title='bbox 354 2688 392 2738; x_wconf 88' lang='lat' dir='ltr'>sie</span> <span class='ocrx_word' id='word_1_265' title='bbox 409 2688 482 2738; x_wconf 86' lang='lat' dir='ltr'>nicht</span> <span class='ocrx_word' id='word_1_266' title='bbox 497 2688 525 2738; x_wconf 93' lang='lat' dir='ltr'>in</span> <span class='ocrx_word' id='word_1_267' title='bbox 543 2688 613 2740; x_wconf 89' lang='lat' dir='ltr'>einer</span> <span class='ocrx_word' id='word_1_268' title='bbox 664 2687 709 2739; x_wconf 92' lang='lat' dir='ltr'>der</span> <span class='ocrx_word' id='word_1_269' title='bbox 732 2703 815 2753; x_wconf 89' lang='lat' dir='ltr'>gegen</span> <span class='ocrx_word' id='word_1_270' title='bbox 840 2687 897 2738; x_wconf 90' lang='lat' dir='ltr'>eine</span> <span class='ocrx_word' id='word_1_271' title='bbox 923 2687 1048 2752; x_wconf 65' lang='lat' dir='ltr'>ungel‘aln</span> <span class='ocrx_word' id='word_1_272' title='bbox 1074 2687 1175 2754; x_wconf 88' lang='lat' dir='ltr'>gleiche</span> 
     </span>
     <span class='ocr_line' id='line_1_31' title="bbox 100 2754 1176 2821; baseline -0.002 -13"><span class='ocrx_word' id='word_1_273' title='bbox 100 2757 264 2809; x_wconf 88' lang='lat' dir='ltr'>bestimmten</span> <span class='ocrx_word' id='word_1_274' title='bbox 283 2754 405 2819; x_wconf 86' lang='lat' dir='ltr'>0rdnung</span> <span class='ocrx_word' id='word_1_275' title='bbox 422 2755 545 2817; x_wconf 68' lang='lat' dir='ltr'>munden,</span> <span class='ocrx_word' id='word_1_276' title='bbox 568 2771 612 2807; x_wconf 88' lang='lat' dir='ltr'>um</span> <span class='ocrx_word' id='word_1_277' title='bbox 664 2755 727 2806; x_wconf 85' lang='lat' dir='ltr'>Zabl</span> <span class='ocrx_word' id='word_1_278' title='bbox 744 2770 795 2806; x_wconf 84' lang='lat' dir='ltr'>von</span> <span class='ocrx_word' id='word_1_279' title='bbox 815 2754 927 2806; x_wconf 85' lang='lat' dir='ltr'>Schillen</span> <span class='ocrx_word' id='word_1_280' title='bbox 949 2756 990 2806; x_wconf 90' lang='lat' dir='ltr'>ein</span> <span class='ocrx_word' id='word_1_281' title='bbox 1015 2755 1176 2821; x_wconf 81' lang='lat' dir='ltr'>eigenttimli-</span> 
     </span>
     <span class='ocr_line' id='line_1_32' title="bbox 100 2822 1176 2892; baseline -0.001 -15"><span class='ocrx_word' id='word_1_282' title='bbox 100 2826 174 2877; x_wconf 89' lang='lat' dir='ltr'>einen</span> <span class='ocrx_word' id='word_1_283' title='bbox 185 2823 341 2891; x_wconf 81' lang='lat' dir='ltr'>pliitzlicben</span> <span class='ocrx_word' id='word_1_284' title='bbox 351 2822 611 2889; x_wconf 76' lang='lat' dir='ltr'>Angriffaulnebmen</span> <span class='ocrx_word' id='word_1_285' title='bbox 664 2823 726 2874; x_wconf 85' lang='lat' dir='ltr'>clres</span> <span class='ocrx_word' id='word_1_286' title='bbox 743 2823 795 2875; x_wconf 92' lang='lat' dir='ltr'>und</span> <span class='ocrx_word' id='word_1_287' title='bbox 813 2824 872 2875; x_wconf 88' lang='lat' dir='ltr'>sehr</span> <span class='ocrx_word' id='word_1_288' title='bbox 889 2823 1072 2892; x_wconf 88' lang='lat' dir='ltr'>lmstspieliges</span> <span class='ocrx_word' id='word_1_289' title='bbox 1088 2823 1176 2876; x_wconf 77' lang='lat' dir='ltr'>bland-</span> 
     </span>
     <span class='ocr_line' id='line_1_33' title="bbox 99 2891 1175 2957; baseline -0.001 -13"><span class='ocrx_word' id='word_1_290' title='bbox 99 2909 132 2945; x_wconf 86' lang='lat' dir='ltr'>zu</span> <span class='ocrx_word' id='word_1_291' title='bbox 149 2893 261 2944; x_wconf 80' lang='lat' dir='ltr'>konnen.</span> <span class='ocrx_word' id='word_1_292' title='bbox 274 2907 417 2956; x_wconf 80' lang='lat' dir='ltr'>-magno</span> <span class='ocrx_word' id='word_1_293' title='bbox 434 2897 513 2942; x_wconf 86' lang='lat' dir='ltr'>vento</span> <span class='ocrx_word' id='word_1_294' title='bbox 532 2897 558 2942; x_wconf 90' lang='lat' dir='ltr'>et</span> <span class='ocrx_word' id='word_1_295' title='bbox 573 2909 612 2942; x_wconf 79' lang='lat' dir='ltr'>ce·</span> <span class='ocrx_word' id='word_1_296' title='bbox 664 2906 710 2942; x_wconf 87' lang='lat' dir='ltr'>ver</span> <span class='ocrx_word' id='word_1_297' title='bbox 721 2905 843 2957; x_wconf 78' lang='lat' dir='ltr'>genesen</span> <span class='ocrx_word' id='word_1_298' title='bbox 856 2892 949 2943; x_wconf 75' lang='lat' dir='ltr'>wiren.</span> <span class='ocrx_word' id='word_1_299' title='bbox 980 2891 1091 2944; x_wconf 86' lang='lat' dir='ltr'>Deshalb</span> <span class='ocrx_word' id='word_1_300' title='bbox 1109 2895 1175 2944; x_wconf 89' lang='lat' dir='ltr'>setzt</span> 
     </span>
     <span class='ocr_line' id='line_1_34' title="bbox 100 2957 1174 3028; baseline -0.003 -15"><span class='ocrx_word' id='word_1_301' title='bbox 100 2962 196 3028; x_wconf 81' lang='lat' dir='ltr'>encndo,</span> <span class='ocrx_word' id='word_1_302' title='bbox 213 2959 264 3012; x_wconf 87' lang='lat' dir='ltr'>wie</span> <span class='ocrx_word' id='word_1_303' title='bbox 285 2965 307 3023; x_wconf 91' lang='lat' dir='ltr'>l,</span> <span class='ocrx_word' id='word_1_304' title='bbox 323 2963 365 3026; x_wconf 77' lang='lat'>25,</span> <span class='ocrx_word' id='word_1_305' title='bbox 383 2962 398 3012; x_wconf 88' lang='grc'>6</span> <span class='ocrx_word' id='word_1_306' title='bbox 417 2960 513 3011; x_wconf 84' lang='lat' dir='ltr'>altiore</span> <span class='ocrx_word' id='word_1_307' title='bbox 531 2976 611 3025; x_wconf 84' lang='lat' dir='ltr'>aqna,</span> <span class='ocrx_word' id='word_1_308' title='bbox 663 2957 812 3026; x_wconf 87' lang='lat' dir='ltr'>Nipperdey</span> <span class='ocrx_word' id='word_1_309' title='bbox 824 2959 964 3012; x_wconf 85' lang='lat' dir='ltr'>dieWorte</span> <span class='ocrx_word' id='word_1_310' title='bbox 977 2959 1042 3011; x_wconf 90' lang='lat' dir='ltr'>nach</span> <span class='ocrx_word' id='word_1_311' title='bbox 1054 2962 1174 3022; x_wconf 77' lang='lat' dir='ltr'>nauibus,</span> 
     </span>
     <span class='ocr_line' id='line_1_35' title="bbox 100 3026 1175 3095; baseline -0.005 -12"><span class='ocrx_word' id='word_1_312' title='bbox 100 3034 141 3095; x_wconf 81' lang='lat'>50,</span> <span class='ocrx_word' id='word_1_313' title='bbox 152 3033 179 3083; x_wconf 83' lang='lat'>3:</span> <span class='ocrx_word' id='word_1_314' title='bbox 192 3029 613 3095; x_wconf 76' lang='lat' dir='ltr'>rapidiccimofinmine.-quae</span> <span class='ocrx_word' id='word_1_315' title='bbox 664 3026 716 3079; x_wconf 91' lang='lat' dir='ltr'>und</span> <span class='ocrx_word' id='word_1_316' title='bbox 733 3027 930 3080; x_wconf 81' lang='lat' dir='ltr'>Forcbbammer</span> <span class='ocrx_word' id='word_1_317' title='bbox 947 3026 1038 3079; x_wconf 89' lang='lat' dir='ltr'>nimmt</span> <span class='ocrx_word' id='word_1_318' title='bbox 1055 3043 1101 3090; x_wconf 88' lang='lat' dir='ltr'>an,</span> <span class='ocrx_word' id='word_1_319' title='bbox 1120 3027 1175 3080; x_wconf 84' lang='lat' dir='ltr'>dass</span> 
     </span>
     <span class='ocr_line' id='line_1_36' title="bbox 98 3095 1175 3162; baseline -0.003 -12"><span class='ocrx_word' id='word_1_320' title='bbox 98 3103 162 3150; x_wconf 77' lang='lat' dir='ltr'>sunt</span> <span class='ocrx_word' id='word_1_321' title='bbox 170 3098 207 3149; x_wconf 88' lang='lat' dir='ltr'>ad</span> <span class='ocrx_word' id='word_1_322' title='bbox 214 3098 356 3149; x_wconf 86' lang='lat' dir='ltr'>incendia:</span> <span class='ocrx_word' id='word_1_323' title='bbox 365 3097 507 3148; x_wconf 88' lang='lat' dir='ltr'>brennbare</span> <span class='ocrx_word' id='word_1_324' title='bbox 518 3095 611 3156; x_wconf 83' lang='lat' dir='ltr'>Sioffe;</span> <span class='ocrx_word' id='word_1_325' title='bbox 664 3096 702 3146; x_wconf 90' lang='lat' dir='ltr'>sie</span> <span class='ocrx_word' id='word_1_326' title='bbox 714 3095 753 3145; x_wconf 87' lang='lat' dir='ltr'>als</span> <span class='ocrx_word' id='word_1_327' title='bbox 762 3095 1015 3162; x_wconf 72' lang='lat' dir='ltr'>nngelinhrellngabe</span> <span class='ocrx_word' id='word_1_328' title='bbox 1023 3095 1069 3148; x_wconf 88' lang='lat' dir='ltr'>der</span> <span class='ocrx_word' id='word_1_329' title='bbox 1080 3095 1175 3148; x_wconf 90' lang='lat' dir='ltr'>andern</span> 
     </span>
     <span class='ocr_line' id='line_1_37' title="bbox 99 3161 1175 3230; baseline 0 -14"><span class='ocrx_word' id='word_1_330' title='bbox 99 3184 154 3217; x_wconf 80' lang='lat' dir='ltr'>ecce</span> <span class='ocrx_word' id='word_1_331' title='bbox 175 3168 213 3218; x_wconf 84' lang='lat' dir='ltr'>cd</span> <span class='ocrx_word' id='word_1_332' title='bbox 228 3190 262 3210; x_wconf 91' lang='lat'>=</span> <span class='ocrx_word' id='word_1_333' title='bbox 281 3165 374 3217; x_wconf 89' lang='lat' dir='ltr'>dienen</span> <span class='ocrx_word' id='word_1_334' title='bbox 397 3181 430 3217; x_wconf 86' lang='lat' dir='ltr'>zu</span> <span class='ocrx_word' id='word_1_335' title='bbox 455 3167 551 3229; x_wconf 86' lang='lat' dir='ltr'>etwas,</span> <span class='ocrx_word' id='word_1_336' title='bbox 576 3165 614 3215; x_wconf 83' lang='lat' dir='ltr'>cd</span> <span class='ocrx_word' id='word_1_337' title='bbox 663 3161 749 3216; x_wconf 78' lang='lat' dir='ltr'>Hillte</span> <span class='ocrx_word' id='word_1_338' title='bbox 766 3162 810 3215; x_wconf 90' lang='lat' dir='ltr'>der</span> <span class='ocrx_word' id='word_1_339' title='bbox 822 3162 906 3216; x_wconf 84' lang='lat' dir='ltr'>Flotte</span> <span class='ocrx_word' id='word_1_340' title='bbox 919 3162 1087 3230; x_wconf 89' lang='lat' dir='ltr'>(Pomponius</span> <span class='ocrx_word' id='word_1_341' title='bbox 1104 3164 1175 3216; x_wconf 86' lang='lat' dir='ltr'>batte</span> 
     </span>
     <span class='ocr_line' id='line_1_38' title="bbox 99 3231 1175 3299; baseline -0.002 -13"><span class='ocrx_word' id='word_1_342' title='bbox 99 3233 195 3286; x_wconf 76' lang='lat' dir='ltr'>Zweclt</span> <span class='ocrx_word' id='word_1_343' title='bbox 211 3233 264 3286; x_wconf 92' lang='lat' dir='ltr'>und</span> <span class='ocrx_word' id='word_1_344' title='bbox 276 3233 461 3299; x_wconf 86' lang='lat' dir='ltr'>Bestimmung.</span> <span class='ocrx_word' id='word_1_345' title='bbox 490 3231 548 3298; x_wconf 91' lang='lat' dir='ltr'>Vgl.</span> <span class='ocrx_word' id='word_1_346' title='bbox 560 3232 611 3284; x_wconf 90' lang='lat' dir='ltr'>Cic.</span> <span class='ocrx_word' id='word_1_347' title='bbox 664 3233 696 3284; x_wconf 82' lang='lat'>35</span> <span class='ocrx_word' id='word_1_348' title='bbox 715 3231 820 3298; x_wconf 78' lang='lat' dir='ltr'>gebabt)</span> <span class='ocrx_word' id='word_1_349' title='bbox 838 3231 1049 3298; x_wconf 85' lang='lat' dir='ltr'>beigeschrieben</span> <span class='ocrx_word' id='word_1_350' title='bbox 1073 3232 1124 3285; x_wconf 92' lang='lat' dir='ltr'>und</span> <span class='ocrx_word' id='word_1_351' title='bbox 1145 3248 1175 3284; x_wconf 83' lang='lat' dir='ltr'>so</span> 
     </span>
     <span class='ocr_line' id='line_1_39' title="bbox 100 3298 1175 3368; baseline -0.001 -16"><span class='ocrx_word' id='word_1_352' title='bbox 100 3317 140 3366; x_wconf 86' lang='lat' dir='ltr'>ep.</span> <span class='ocrx_word' id='word_1_353' title='bbox 151 3299 183 3353; x_wconf 90' lang='lat' dir='ltr'>ad</span> <span class='ocrx_word' id='word_1_354' title='bbox 191 3300 244 3353; x_wconf 80' lang='lat' dir='ltr'>nu.</span> <span class='ocrx_word' id='word_1_355' title='bbox 255 3305 278 3367; x_wconf 83' lang='lat'>3,</span> <span class='ocrx_word' id='word_1_356' title='bbox 289 3304 350 3368; x_wconf 78' lang='lat'>7,2:</span> <span class='ocrx_word' id='word_1_357' title='bbox 369 3303 475 3367; x_wconf 80' lang='lat' dir='ltr'>reliqna</span> <span class='ocrx_word' id='word_1_358' title='bbox 493 3305 613 3367; x_wconf 84' lang='lat' dir='ltr'>tempora</span> <span class='ocrx_word' id='word_1_359' title='bbox 662 3299 690 3350; x_wconf 93' lang='lat' dir='ltr'>in</span> <span class='ocrx_word' id='word_1_360' title='bbox 708 3299 757 3351; x_wconf 91' lang='lat' dir='ltr'>den</span> <span class='ocrx_word' id='word_1_361' title='bbox 775 3298 842 3353; x_wconf 82' lang='lat' dir='ltr'>Text</span> <span class='ocrx_word' id='word_1_362' title='bbox 867 3316 900 3352; x_wconf 90' lang='lat' dir='ltr'>an</span> <span class='ocrx_word' id='word_1_363' title='bbox 918 3299 959 3352; x_wconf 90' lang='lat' dir='ltr'>die</span> <span class='ocrx_word' id='word_1_364' title='bbox 977 3300 1074 3353; x_wconf 89' lang='lat' dir='ltr'>lalscbc</span> <span class='ocrx_word' id='word_1_365' title='bbox 1094 3300 1175 3353; x_wconf 84' lang='lat' dir='ltr'>Stelle</span> 
     </span>
     <span class='ocr_line' id='line_1_40' title="bbox 100 3367 1176 3436; baseline 0.001 -18"><span class='ocrx_word' id='word_1_366' title='bbox 100 3373 164 3419; x_wconf 81' lang='lat' dir='ltr'>eunt</span> <span class='ocrx_word' id='word_1_367' title='bbox 174 3385 229 3419; x_wconf 91' lang='lat' dir='ltr'>non</span> <span class='ocrx_word' id='word_1_368' title='bbox 242 3375 295 3420; x_wconf 69' lang='lat' dir='ltr'>mm</span> <span class='ocrx_word' id='word_1_369' title='bbox 306 3371 343 3421; x_wconf 84' lang='lat' dir='ltr'>ad</span> <span class='ocrx_word' id='word_1_370' title='bbox 358 3371 518 3421; x_wconf 83' lang='lat' dir='ltr'>medicinam</span> <span class='ocrx_word' id='word_1_371' title='bbox 531 3385 612 3435; x_wconf 83' lang='lat' dir='ltr'>quam</span> <span class='ocrx_word' id='word_1_372' title='bbox 664 3367 818 3434; x_wconf 81' lang='lat' dir='ltr'>geltommen</span> <span class='ocrx_word' id='word_1_373' title='bbox 831 3368 896 3422; x_wconf 89' lang='lat' dir='ltr'>sind.</span> <span class='ocrx_word' id='word_1_374' title='bbox 909 3398 938 3408; x_wconf 89' lang='lat'>·-</span> <span class='ocrx_word' id='word_1_375' title='bbox 945 3373 1127 3436; x_wconf 79' lang='lat' dir='ltr'>praeparatas</span> <span class='ocrx_word' id='word_1_376' title='bbox 1139 3369 1176 3420; x_wconf 84' lang='lat' dir='ltr'>ad</span> 
     </span>
     <span class='ocr_line' id='line_1_41' title="bbox 101 3434 1175 3504; baseline -0.001 -16"><span class='ocrx_word' id='word_1_377' title='bbox 101 3437 137 3488; x_wconf 86' lang='lat' dir='ltr'>cd</span> <span class='ocrx_word' id='word_1_378' title='bbox 154 3434 235 3498; x_wconf 79' lang='lat' dir='ltr'>finem</span> <span class='ocrx_word' id='word_1_379' title='bbox 251 3437 360 3488; x_wconf 71' lang='lat' dir='ltr'>dolor-cb.</span> <span class='ocrx_word' id='word_1_380' title='bbox 394 3437 441 3490; x_wconf 87' lang='lat' dir='ltr'>Die</span> <span class='ocrx_word' id='word_1_381' title='bbox 458 3437 547 3491; x_wconf 90' lang='lat' dir='ltr'>Lesart</span> <span class='ocrx_word' id='word_1_382' title='bbox 568 3437 613 3490; x_wconf 90' lang='lat' dir='ltr'>der</span> <span class='ocrx_word' id='word_1_383' title='bbox 663 3437 834 3491; x_wconf 81' lang='lat' dir='ltr'>incendium:</span> <span class='ocrx_word' id='word_1_384' title='bbox 847 3436 1021 3489; x_wconf 85' lang='lat' dir='ltr'>zuBrandern</span> <span class='ocrx_word' id='word_1_385' title='bbox 1034 3436 1175 3504; x_wconf 88' lang='lat' dir='ltr'>cingericb·</span> 
     </span>
     <span class='ocr_line' id='line_1_42' title="bbox 100 3503 1175 3572; baseline -0.003 -15"><span class='ocrx_word' id='word_1_386' title='bbox 100 3503 613 3572; x_wconf 76' lang='lat' dir='ltr'>aweitenFamflietertldscnr.istaptae</span> <span class='ocrx_word' id='word_1_387' title='bbox 640 3508 709 3557; x_wconf 38' lang='lat' dir='ltr'>,tet</span> <span class='ocrx_word' id='word_1_388' title='bbox 726 3534 759 3543; x_wconf 90' lang='lat'><em>-</em></span> <span class='ocrx_word' id='word_1_389' title='bbox 777 3508 885 3569; x_wconf 75' lang='lat' dir='ltr'>flamm</span> <span class='ocrx_word' id='word_1_390' title='bbox 903 3508 935 3557; x_wconf 81' lang='lat' dir='ltr'>ab</span> <span class='ocrx_word' id='word_1_391' title='bbox 957 3511 1072 3570; x_wconf 82' lang='lat' dir='ltr'>ntroqnc</span> <span class='ocrx_word' id='word_1_392' title='bbox 1090 3519 1175 3555; x_wconf 80' lang='lat' dir='ltr'>cornu</span> 
     </span>
     <span class='ocr_line' id='line_1_43' title="bbox 100 3572 1173 3641; baseline -0.004 -15"><span class='ocrx_word' id='word_1_393' title='bbox 100 3574 138 3626; x_wconf 84' lang='lat' dir='ltr'>nd</span> <span class='ocrx_word' id='word_1_394' title='bbox 144 3572 496 3624; x_wconf 71' lang='lat' dir='ltr'>incendic-constratae:</span> <span class='ocrx_word' id='word_1_395' title='bbox 507 3577 528 3638; x_wconf 87' lang='lat'>1,</span> <span class='ocrx_word' id='word_1_396' title='bbox 537 3577 610 3640; x_wconf 67' lang='lat' dir='ltr'>tupi.</span> <span class='ocrx_word' id='word_1_397' title='bbox 664 3589 825 3641; x_wconf 70' lang='lat' dir='ltr'>comprensa,</span> <span class='ocrx_word' id='word_1_398' title='bbox 860 3572 918 3638; x_wconf 81' lang='lat' dir='ltr'>Vgl.</span> <span class='ocrx_word' id='word_1_399' title='bbox 937 3572 966 3625; x_wconf 90' lang='grc' dir='ltr'>Β.</span> <span class='ocrx_word' id='word_1_400' title='bbox 985 3573 1013 3625; x_wconf 87' lang='lat' dir='ltr'>G.</span> <span class='ocrx_word' id='word_1_401' title='bbox 1033 3576 1061 3636; x_wconf 83' lang='lat'>5,</span> <span class='ocrx_word' id='word_1_402' title='bbox 1079 3573 1125 3635; x_wconf 81' lang='lat'>43,</span> <span class='ocrx_word' id='word_1_403' title='bbox 1143 3573 1173 3624; x_wconf 82' lang='lat'>2:</span> 
     </span>
    </p>

    <p class='ocr_par' dir='ltr' id='par_1_5' title="bbox 136 3638 1173 3706">
     <span class='ocr_line' id='line_1_44' title="bbox 136 3638 1173 3706; baseline -0.005 -11"><span class='ocrx_word' id='word_1_404' title='bbox 136 3645 159 3695; x_wconf 87' lang='lat'>3.</span> <span class='ocrx_word' id='word_1_405' title='bbox 178 3644 261 3692; x_wconf 84' lang='lat' dir='ltr'>timor</span> <span class='ocrx_word' id='word_1_406' title='bbox 277 3643 403 3691; x_wconf 78' lang='lat' dir='ltr'>incessit:</span> <span class='ocrx_word' id='word_1_407' title='bbox 421 3643 445 3705; x_wconf 79' lang='lat'>2,</span> <span class='ocrx_word' id='word_1_408' title='bbox 464 3642 505 3705; x_wconf 80' lang='lat'>29,</span> <span class='ocrx_word' id='word_1_409' title='bbox 526 3646 548 3694; x_wconf 88' lang='lat'>1.</span> <span class='ocrx_word' id='word_1_410' title='bbox 662 3641 718 3693; x_wconf 83' lang='lat' dir='ltr'>Hae</span> <span class='ocrx_word' id='word_1_411' title='bbox 735 3638 830 3706; x_wconf 74' lang='lat' dir='ltr'>(casae)</span> <span class='ocrx_word' id='word_1_412' title='bbox 850 3641 973 3691; x_wconf 83' lang='lat' dir='ltr'>celeriter</span> <span class='ocrx_word' id='word_1_413' title='bbox 996 3643 1087 3705; x_wconf 77' lang='lat' dir='ltr'>ignern</span> <span class='ocrx_word' id='word_1_414' title='bbox 1105 3655 1173 3690; x_wconf 89' lang='lat' dir='ltr'>com-</span> 
     </span>
    </p>

    <p class='ocr_par' dir='ltr' id='par_1_6' title="bbox 100 3708 1175 3967">
     <span class='ocr_line' id='line_1_45' title="bbox 135 3708 1172 3776; baseline -0.003 -13"><span class='ocrx_word' id='word_1_415' title='bbox 135 3715 158 3763; x_wconf 82' lang='lat'>5.</span> <span class='ocrx_word' id='word_1_416' title='bbox 167 3713 282 3776; x_wconf 83' lang='lat' dir='ltr'>propter</span> <span class='ocrx_word' id='word_1_417' title='bbox 294 3709 547 3760; x_wconf 78' lang='lat' dir='ltr'>mendemtimorcm.</span> <span class='ocrx_word' id='word_1_418' title='bbox 565 3709 611 3761; x_wconf 82' lang='lat' dir='ltr'>uie</span> <span class='ocrx_word' id='word_1_419' title='bbox 659 3710 876 3775; x_wconf 74' lang='lat' dir='ltr'>prehenderunt5</span> <span class='ocrx_word' id='word_1_420' title='bbox 903 3708 1019 3774; x_wconf 84' lang='lat' dir='ltr'>dagegen</span> <span class='ocrx_word' id='word_1_421' title='bbox 1041 3711 1066 3773; x_wconf 88' lang='lat'>8,</span> <span class='ocrx_word' id='word_1_422' title='bbox 1083 3709 1124 3771; x_wconf 80' lang='lat'>43,</span> <span class='ocrx_word' id='word_1_423' title='bbox 1143 3711 1172 3760; x_wconf 84' lang='lat'>3:</span> 
     </span>
     <span class='ocr_line' id='line_1_46' title="bbox 100 3775 1175 3843; baseline -0.004 -13"><span class='ocrx_word' id='word_1_424' title='bbox 100 3779 247 3842; x_wconf 85' lang='lat' dir='ltr'>Besatzung</span> <span class='ocrx_word' id='word_1_425' title='bbox 264 3792 316 3828; x_wconf 87' lang='lat' dir='ltr'>von</span> <span class='ocrx_word' id='word_1_426' title='bbox 332 3775 450 3828; x_wconf 84' lang='lat' dir='ltr'>Messana</span> <span class='ocrx_word' id='word_1_427' title='bbox 467 3775 538 3828; x_wconf 87' lang='lat' dir='ltr'>batte</span> <span class='ocrx_word' id='word_1_428' title='bbox 556 3777 611 3829; x_wconf 87' lang='lat' dir='ltr'>sich</span> <span class='ocrx_word' id='word_1_429' title='bbox 663 3778 785 3828; x_wconf 81' lang='lat' dir='ltr'>celeriter</span> <span class='ocrx_word' id='word_1_430' title='bbox 813 3793 893 3843; x_wconf 84' lang='lat' dir='ltr'>opera</span> <span class='ocrx_word' id='word_1_431' title='bbox 921 3779 1030 3840; x_wconf 82' lang='lat' dir='ltr'>stamma</span> <span class='ocrx_word' id='word_1_432' title='bbox 1058 3791 1175 3842; x_wconf 79' lang='lat' dir='ltr'>compre-</span> 
     </span>
     <span class='ocr_line' id='line_1_47' title="bbox 101 3843 1174 3912; baseline -0.004 -14"><span class='ocrx_word' id='word_1_433' title='bbox 101 3847 135 3898; x_wconf 89' lang='lat' dir='ltr'>lei</span> <span class='ocrx_word' id='word_1_434' title='bbox 166 3847 281 3912; x_wconf 84' lang='lat' dir='ltr'>gezeigi;</span> <span class='ocrx_word' id='word_1_435' title='bbox 301 3843 415 3898; x_wconf 89' lang='lat' dir='ltr'>dieselbe</span> <span class='ocrx_word' id='word_1_436' title='bbox 427 3844 543 3910; x_wconf 82' lang='lat' dir='ltr'>Feigheit</span> <span class='ocrx_word' id='word_1_437' title='bbox 555 3860 611 3897; x_wconf 81' lang='lat' dir='ltr'>ver·</span> <span class='ocrx_word' id='word_1_438' title='bbox 663 3848 744 3896; x_wconf 70' lang='lat' dir='ltr'>nereca</span> <span class='ocrx_word' id='word_1_439' title='bbox 757 3847 860 3911; x_wconf 80' lang='lat' dir='ltr'>partim</span> <span class='ocrx_word' id='word_1_440' title='bbox 874 3847 1056 3911; x_wconf 77' lang='lat' dir='ltr'>restinguunt,</span> <span class='ocrx_word' id='word_1_441' title='bbox 1070 3846 1174 3910; x_wconf 84' lang='lat' dir='ltr'>partim</span> 
     </span>
     <span class='ocr_line' id='line_1_48' title="bbox 102 3912 868 3967; baseline 0 -3"><span class='ocrx_word' id='word_1_442' title='bbox 102 3929 117 3964; x_wconf 88' lang='lat' dir='ltr'>a</span> <span class='ocrx_word' id='word_1_443' title='bbox 145 3915 209 3967; x_wconf 87' lang='lat' dir='ltr'>alste</span> <span class='ocrx_word' id='word_1_444' title='bbox 228 3913 269 3966; x_wconf 88' lang='lat' dir='ltr'>die</span> <span class='ocrx_word' id='word_1_445' title='bbox 283 3912 548 3966; x_wconf 83' lang='lat' dir='ltr'>Flottenmannscbait</span> <span class='ocrx_word' id='word_1_446' title='bbox 566 3912 611 3965; x_wconf 90' lang='lat' dir='ltr'>des</span> <span class='ocrx_word' id='word_1_447' title='bbox 661 3913 868 3965; x_wconf 78' lang='lat' dir='ltr'>interscindunt.</span> 
     </span>
    </p>
   </div>
   <div class='ocr_carea' id='block_1_4' title="bbox 0 0 1318 4416">
    <p class='ocr_par' dir='ltr' id='par_1_7' title="bbox 0 0 1318 4416">
     <span class='ocr_line' id='line_1_49' title="bbox 0 0 1318 4416; baseline 0 0"><span class='ocrx_word' id='word_1_448' title='bbox 0 0 1318 4416; x_wconf 95' lang='lat' dir='ltr'> </span> 
     </span>
    </p>
   </div>
  </div>
 </body>
</html>
