2626 4416
152 245 215 311 168
280 322 285 326 ,
549 245 591 297 nu
609 219 712 309 nunno
731 244 824 309 crum

154 428 254 483 austro
270 437 332 480 non
348 427 411 480 erat
425 413 521 501 tutus)
535 419 687 497 leviusque
708 418 891 499 tempestatis
914 437 1001 496 quam
1026 418 1127 480 classis
1149 418 1235 498 peri·

115 517 130 568 5
153 506 252 567 culum
268 504 504 566 aestimaverunt.
536 503 602 575 Quo
618 503 793 582 simulatque
808 503 888 563 intro
905 512 949 564 est
963 504 1046 578 itum,
1062 504 1233 567 incredibili

152 591 291 654 felicitate
307 597 414 663 auster,
430 589 483 668 qui
498 588 621 649 biduum
635 588 762 662 flaverat,
779 589 810 650 in
825 589 958 650 Africum
973 608 1004 650 se
1019 590 1115 658 vertit.

238 671 295 740 27.
310 674 367 735 Hic
377 673 506 736 subitam
517 673 780 735 commutationem
794 674 932 735 fortunae
943 674 1042 735 ridere
1053 674 1146 735 licuit.
1173 674 1233 745 Qui

153 760 242 823 modo
257 759 314 821 sibi
329 759 505 833 timuerant,
527 758 582 820 hos
602 758 768 821 tutissimus
782 768 887 839 portus
902 758 1078 839 recipiebat3
1101 759 1153 838 qui
1174 778 1233 820 no-

154 845 223 907 stris
241 843 365 906 navibus
387 844 552 924 periculum
574 844 752 919 intulerant,
775 846 811 905 de
833 863 887 906 suo
910 843 1014 906 timere
1036 843 1233 924 cogebantur.

117 941 133 991 2
154 931 257 1009 ltaque
278 938 414 1010 tempore
437 937 616 991 commutato
639 938 799 1009 tempestas
814 938 843 991 ct
866 938 984 992 nostros
1007 930 1079 991 texit
1097 938 1126 991 et
1142 948 1237 992 naves

153 1014 283 1077 Rhodias
303 1015 420 1090 attint,
444 1015 483 1076 ita
497 1023 531 1075 ut
550 1014 585 1075 ad
600 1032 691 1075 unam
706 1033 826 1090 onmes,
849 1023 1016 1076 constratae
1032 1034 1158 1077 numero
1174 1033 1233 1090 xvi,

153 1101 335 1172 eliderentur
350 1109 380 1161 et
394 1100 547 1179 naufragio
568 1100 742 1175 interirent,
765 1109 845 1162 etex
867 1118 975 1179 magno
997 1100 1144 1179 remigum
1159 1118 1233 1180 pro-

153 1195 414 1266 pugnatorumque
437 1203 562 1247 numero
585 1202 654 1263 pars
675 1186 710 1246 ad
734 1185 873 1265 scopulos
899 1185 979 1246 allisa
1001 1186 1233 1262 interficeretur,

153 1290 223 1352 pars
244 1270 281 1331 ab
304 1271 415 1332 nostris
441 1271 661 1346 detraheretur;
689 1289 766 1348 quos
788 1289 891 1332 omnes
913 1279 1102 1333 conservatos
1124 1270 1236 1333 Caesar

154 1356 275 1419 domum
290 1355 411 1416 remisit.

239 1437 297 1508 28.
320 1441 444 1502 Nostrae
459 1459 549 1502 naves
571 1440 646 1502 duae
668 1439 781 1502 tardius
800 1458 890 1501 cursu
911 1441 1048 1501 confecto
1063 1440 1094 1502 in
1111 1450 1234 1503 noctem

155 1526 316 1600 coniectae,
329 1545 397 1587 cum
407 1527 589 1604 ignorarent,
605 1543 693 1604 quem
703 1526 803 1587 locum
814 1525 945 1604 reliquae
956 1526 1113 1604 cepissent,
1126 1535 1235 1588 contra

117 1620 132 1670 2
154 1610 268 1673 Lissum
287 1611 318 1671 in
331 1611 449 1672 ancoris
464 1611 671 1673 constiterunt.
701 1610 761 1673 Has
776 1609 893 1689 scaphis
909 1611 1133 1690 minoribusque
1149 1612 1233 1673 navi·

63 1700 68 1705 ’
154 1696 210 1776 giis
226 1696 428 1775 compluribus
441 1696 605 1758 summissis
620 1695 761 1757 Otacilius
776 1695 912 1768 Crassus,
929 1696 981 1774 qui
995 1695 1070 1758 Lissi
1086 1705 1233 1775 praeerat

155 1799 326 1862 expugnare
337 1781 475 1861 parabat:
491 1782 579 1843 simul
590 1782 625 1842 de
639 1779 788 1842 deditione
800 1799 904 1841 eorum
916 1781 1022 1860 agebat
1033 1789 1063 1841 et
1074 1781 1234 1842 incolumi-

116 1878 131 1927 3
153 1874 243 1927 tatem
265 1865 371 1927 deditis
393 1865 597 1946 pollicebatur.
633 1865 746 1928 Harum
767 1865 857 1927 altera
878 1866 960 1928 navis
981 1884 1055 1927 ccxx
1076 1885 1092 1926 e
1112 1865 1233 1946 legione

116 1963 132 2013 4
153 1951 284 2013 tironum
299 1953 473 2027 sustulerat,
497 1952 587 2013 altera
603 1970 638 2012 ex
661 1957 798 2013 veterana
816 1951 904 2030 paulo
919 1952 1019 2013 minus
1034 1971 1078 2012 cc.
1110 1951 1166 2012 llic
1181 1969 1232 2023 44

154 2036 259 2117 gnosci
273 2035 371 2110 licuit,
395 2045 539 2116 quantum
555 2045 633 2098 esset
647 2035 819 2097 hominibus
833 2036 972 2116 praesidii
986 2037 1018 2098 in
1033 2036 1127 2097 animi
1139 2036 1233 2096 tirmi-

154 2121 267 2183 tudine.
298 2120 424 2183 Tirones
440 2121 519 2183 enim
534 2121 722 2182 multitudine
738 2121 855 2182 navium
872 2122 1022 2201 perterriti
1038 2131 1067 2182 et
1081 2122 1143 2183 salo
1159 2139 1234 2182 nan-

154 2225 264 2285 444444
280 2207 408 2267 44414411
430 2207 620 2268 iureiurando
637 2213 773 2286 accepto,
797 2205 871 2266 nihil
888 2206 923 2267 iis
945 2208 1099 2269 nocituros
1120 2207 1233 2282 hostes,

155 2310 187 2353 se
203 2290 327 2352 Otacilio
343 2291 536 2368 dediderunt3
558 2291 610 2370 qui
626 2309 730 2353 omnes
752 2291 788 2351 ad
803 2309 872 2352 eum
887 2291 1025 2371 producti
1043 2300 1149 2354 contra
1163 2292 1236 2354 reli·

156 2423 204 2476 1144
216 2423 297 2476 1141444
311 2439 363 2474 war
382 2438 464 2490 gegen
477 2423 526 2477 den
536 2423 668 2477 81414441-
719 2448 754 2471 ==
766 2426 814 2489 qni
831 2441 866 2475 44
883 2427 997 2477 naritus
1011 2428 1238 2492 propugnabant,

155 2491 235 2557 wind,
246 2491 318 2543 nicht
329 2506 412 2558 gagen
425 2492 474 2544 deu
487 2491 612 2545 dewind
624 2507 667 2560 gc·
720 2491 773 2543 wie'
786 2494 810 2557 2,
822 2495 846 2556 8,
860 2495 889 2546 2:
908 2495 972 2544 bine
989 2495 1031 2557 (ex
1045 2494 1117 2557 turri)
1133 2509 1238 2560 propa-

156 2559 245 2620 deckt;
268 2560 329 2611 aber
346 2559 474 2612 Antonius
494 2560 609 2614 schatzte
628 2561 668 2613 die
716 2562 842 2626 gnabant
857 2559 909 2613 und
926 2560 955 2615 B.
970 2560 998 2614 G.
1012 2566 1034 2625 5,
1049 2564 1073 2626 9,
1085 2564 1115 2614 6:
1135 2578 1170 2612 44
1188 2561 1237 2612 sil·

155 2643 207 2680 von
230 2627 289 2680 dem
307 2627 400 2680 Winde
421 2628 552 2682 drobende
576 2628 670 2681 Gefahr
719 2629 1236 2695 4144444.-4444144414444414411414

156 2697 273 2817 peringen
294 2695 333 2748 als
353 2696 409 2759 die,
433 2696 532 2749 welche
549 2713 602 2750 von
624 2696 669 2750 der
719 2713 737 2747 a
754 2697 879 2763 scopulis.

167 2765 312 2818 eindlichen
334 2762 418 2817 Flotte
441 2764 495 2816 ihm
518 2763 616 2820 drobte.
629 2771 669 2804 ’--
754 2762 801 2820 28.
821 2767 842 2818 l.
868 2763 985 2829 Nostrae
1002 2781 1083 2817 nares
1101 2766 1195 2816 danes.
1212 2769 1236 2830 1,

156 2833 240 2892 terias
252 2862 285 2871 -
293 2832 446 2899 pericnlum
461 2836 672 2885 aertimavornent
722 2835 764 2896 46,
784 2837 807 2884 4.
819 2861 854 2871 -
871 2835 903 2884 in
919 2838 1022 2885 noctem
1039 2836 1192 2886 coniectae:
1209 2833 1238 2886 in

156 2900 430 2966 pronutiare:
448 2901 531 2952 miano
547 2902 671 2966 1114344-
722 2899 763 2954 die
778 2900 860 2953 Nacht
872 2901 1101 2968 hincingcworlen‚
1118 2907 1237 2967 gersten.

155 2972 216 3022 4144
234 2971 392 3033 arnimaro,-
409 2972 472 3021 stell
489 2968 534 3021 des
553 2968 669 3022 Genitivs
721 2968 818 3021 ‘Gonici
835 2969 862 3020 in
879 2973 981 3022 noctem
999 2969 1090 3023 dicitur
1108 2970 1138 3033 is,
1157 2985 1238 3038 quem

157 3037 313 3090 desWertcs
330 3040 445 3088 minaria
461 3036 496 3090 ist
513 3038 555 3089 ein
573 3035 670 3090 41444-
720 3041 781 3104 post
790 3037 937 3090 diutmnum
946 3038 1045 3090 itineris
1057 3052 1169 3090 errorem
1184 3054 1239 3091 nox

156 3106 226 3158 bium
244 3109 353 3172 gesetzt.
388 3105 421 3156 Es
438 3105 507 3159 kann
525 3106 587 3157 aber
604 3106 692 3170 auch,
720 3104 824 3159 tandem
838 3105 973 3172 opprimit.
1001 3105 1095 3158 Morus.
1105 3105 1131 3159 S.
1141 3105 1171 3157 B.
1181 3105 1238 3160 Air.

157 3173 242 3224 levina
258 3173 297 3225 als
314 3170 480 3236 Adjelrtivum
501 3173 548 3225 mit
562 3176 670 3240 perien-
721 3175 798 3236 5244
811 3175 902 3224 nirtin
914 3174 1240 3240 noetemproeliarneaaet

160 3242 214 3292 lum
231 3240 378 3293 verbunden
397 3241 509 3294 werden.
722 3243 878 3293 coniectum.
890 3270 924 3280 -
937 3242 1024 3294 locam
1041 3245 1180 3308 cepissent.
1209 3241 1237 3295 S.

192 3312 216 3360 5.
235 3309 388 3360 incredibili
398 3307 536 3369 felicitate.
563 3306 671 3360 1144144-
720 3324 753 3360 zu
771 3311 795 3372 2,
808 3311 848 3371 42,
868 3313 889 3361 1.

157 3375 370 3440 44441444614414,
386 3376 432 3428 das
444 3376 515 3429 scine
528 3375 671 3428 Untemeh-
755 3378 778 3429 2.
798 3379 845 3442 qna·
859 3376 933 3429 La'esi
945 3384 1089 3445 praeerat:
1107 3393 1128 3430 c.
1148 3379 1188 3440 12,
1204 3382 1236 3432 1:

157 3458 269 3511 mungen
281 3444 454 3510 begdnstigte‚
470 3443 532 3496 hebt
544 3444 671 3496 (1244441-
722 3447 771 3510 pan·
787 3446 826 3496 itt
841 3450 977 3512 praeerat.

158 3513 307 3567 1441444444.
327 3510 384 3578 Vgl.
394 3528 415 3563 4.
429 3513 470 3576 27,
482 3515 504 3576 1,
516 3511 568 3564 und
581 3510 670 3565 Curios
755 3514 779 3566 3.
796 3514 957 3566 sartaterat:
974 3514 1046 3567 hatte
1064 3529 1095 3566 an
1108 3511 1178 3567 Bord
1190 3526 1237 3579 ge-

158 3581 270 3646 114142,
289 3583 329 3644 32,
348 3585 377 3641 4;
396 3578 472 3632 B.G.
493 3583 515 3642 1,
534 3583 576 3641 40,
597 3583 635 3634 13.
721 3580 1237 3647 44444444,4414Β.(1.4,28,1.-14-

190 3647 236 3705 27.
252 3651 276 3702 2.
301 3654 417 3716 ternpore
435 3652 611 3700 commutata:
628 3648 670 3700 bei
718 3648 1238 3714 32441444444414414414144144144

157 3717 207 3771 den
224 3714 671 3778 ν444414414411444114144.-4Ῑ-
721 3718 902 3785 neugebildete
919 3717 972 3772 und
989 3718 1043 3771 drei
1054 3715 1239 3770 Veteranenle-

156 3788 239 3849 llicit.
266 3784 294 3839 B.
307 3784 336 3837 G.
349 3788 375 3849 5,
390 3788 428 3849 10,
441 3786 469 3838 24
490 3783 671 3845 amnasnaoes
721 3785 874 3852 314444444411
886 3786 996 3839 41414-
1012 3788 1101 3838 minna
1114 3786 1156 3839 CC
1165 3785 1237 3837 kann

157 3853 349 3917 afltietaaattn
362 3854 672 3905 Hieronicam-con·
722 3854 787 3905 nach
816 3855 906 3908 Glisars
936 3853 1164 3923 Spraehgebraucb
1194 3868 1239 3904 so·

156 3926 272 3984 stratae:
286 3922 357 3986 1‚5c,
368 3925 388 3975 1.
398 3925 670 3989 -prapagnatarnrn
721 3922 792 3974 wohl
814 3923 942 3974 ducentos
966 3922 1005 3974 als
1026 3923 1147 3974 ducentis
1169 3921 1235 3983 sein.
