2626 4416
586 243 615 297 l.
633 245 675 297 46.
1130 237 1172 298 49

98 412 195 478 ternis
209 415 347 477 tabulatis
361 415 492 495 erigebat
506 433 614 494 easque
635 415 735 477 multis
748 415 905 476 tormentis
919 423 948 477 et
964 414 1045 475 omni
1063 433 1173 495 genere

99 502 226 563 telorum
238 498 400 581 completas
414 501 450 561 ad
465 519 556 580 opera
567 500 698 562 Caesaris
712 499 886 579 appellebat,
903 508 935 560 ut
946 508 1024 561 rates
1038 518 1173 579 perrum-

98 595 284 667 perstatque
296 604 386 665 opera
396 585 583 647 disturbaret.
600 586 648 646 Sic
660 585 766 647 cotidie
777 585 926 664 utrimque
938 584 1054 646 eminus
1064 585 1173 658 lundis,

102 672 214 751 sagittis
229 671 410 750 reliquisque
425 671 490 732 telis
504 669 703 750 pugnabatur.
747 671 842 748 Atque
858 671 932 731 haec
947 669 1054 731 Caesar
1068 670 1107 730 ita
1123 670 1173 729 ad·
1195 676 1210 726 2

101 755 302 832 ministrabat,
326 765 360 817 ut
373 755 566 818 condiciones
584 756 666 834 pacis
686 755 875 816 dimittendas
895 773 957 815 non
980 752 1174 830 existimarem

99 859 135 902 ac
150 842 265 903 mmctsi
280 859 461 920 magnopere
474 839 681 915 admirabatur,
696 839 834 918 Magium,
850 858 938 918 quem
950 840 985 900 ad
1001 840 1175 919 Pompeium

100 944 171 988 cum
193 926 339 987 mandatis
361 925 489 999 miserat,
511 926 546 986 ad
570 944 602 986 se
625 944 687 985 non
709 924 828 998 remitti,
851 931 940 1004 atque
961 943 995 984 ea
1016 943 1065 986 res
1087 942 1175 1003 saepe

100 1020 242 1090 temptata
257 1011 312 1072 etsi
326 1011 454 1090 impetus
470 1010 533 1072 eius
555 1009 736 1088 consiliaque
757 1008 904 1083 tardabat,
923 1017 1021 1069 tamen
1038 1009 1176 1070 omnibus

101 1096 192 1158 rebus
206 1097 238 1156 in
254 1115 289 1157 eo
310 1096 559 1175 perseverandum
579 1094 710 1175 putabat.
743 1094 845 1173 ltaque
861 1092 1016 1155 Caninium
1040 1093 1175 1155 Rebilum
1197 1099 1212 1148 3

100 1181 240 1260 legatum,
255 1181 428 1241 familiarem
442 1180 702 1259 necessariumque
717 1178 856 1240 Scriboni
870 1178 1007 1252 Libonis,
1030 1179 1119 1239 mittit
1140 1178 1176 1239 ad

101 1285 171 1327 eum
188 1266 326 1344 colloquii
348 1284 451 1341 causa3
467 1267 601 1341 mandat,
622 1260 656 1327 ut
671 1265 815 1326 Libonem
841 1265 877 1325 de
898 1264 1083 1324 concilianda
1104 1281 1176 1344 pace

102 1352 255 1427 hortetur3
270 1351 429 1429 imprimis,
452 1359 485 1411 ut
499 1351 563 1430 ipsc
578 1369 645 1411 cum
660 1350 802 1429 Pompeio
817 1349 1052 1427 colloqueretur,
1073 1357 1175 1428 postu-

103 1437 158 1496 lat:
174 1454 354 1516 magnopere
369 1454 433 1498 sese
448 1437 598 1497 confidere
614 1436 806 1509 demonstrat,
821 1434 846 1495 si
861 1434 925 1496 eius
939 1434 982 1494 rei
997 1434 1035 1496 sit
1048 1443 1178 1513 potestas
1198 1436 1214 1486 4

104 1522 189 1594 facta,
204 1522 285 1596 lore,
305 1530 339 1582 ut
360 1521 460 1599 aequis
475 1520 701 1582 condicionibus
723 1519 759 1579 ab
780 1519 869 1580 armis
889 1520 1070 1594 discedatur3
1093 1519 1178 1580 cuius

102 1606 147 1666 rei
162 1624 299 1685 magnam
314 1614 428 1685 partem
442 1604 536 1667 laudis
551 1614 639 1684 atquc
654 1603 878 1666 existimationis
897 1604 932 1664 ad
948 1602 1093 1665 Libonem
1109 1622 1177 1683 per-

102 1700 266 1765 venturam,
289 1691 315 1750 si
329 1690 378 1750 illo
400 1700 521 1750 auctore
541 1699 630 1768 atque
651 1698 758 1770 agente
780 1689 816 1749 ab
838 1688 926 1750 armis
946 1688 984 1748 sit
1005 1688 1177 1749 discessum.

103 1811 174 1858 tarr.
186 1808 311 1858 binorum
323 1806 513 1857 imbellatorum.
544 1805 616 1866 Cum,
667 1810 718 1855 tem
737 1808 809 1856 tata:
833 1803 878 1856 der
901 1803 940 1855 olt
961 1803 1095 1869 gemachte
1116 1802 1179 1855 Ver·

104 1873 150 1926 das
175 1873 216 1926 die
240 1872 406 1938 Verbindung
435 1873 504 1924 einer
534 1871 617 1923 Sache
666 1820 735 1924 sucb
757 1871 902 1923 lriedlichcr
922 1871 1122 1937 husgleichung.
1145 1899 1176 1910 -

103 1942 150 1992 mit
165 1942 243 1992 'einer
259 1941 354 1992 andern
371 1939 531 2019 bezeichnet,
552 1940 617 1991 eben
667 1943 794 2006 impetus:
816 1938 965 2005 energische
976 1939 1178 2005 Bestrebuugen.

104 2006 618 2127 ttltlhtllssltlttimisti
668 2009 849 2138 iiiimxiiii,
862 2006 1025 2141 'iiiiii
1039 2006 1179 2126 {lilii

103 2142 166 2208 (tric.
189 2142 258 2196 Verr.
277 2145 300 2206 2,
319 2147 343 2205 5,
361 2145 396 2208 3),
420 2159 481 2194 cum
497 2145 619 2210 imperio,
670 2141 868 2195 ersordcrlichen
885 2141 975 2208 Dinge.
1010 2141 1037 2195 S.
1055 2158 1077 2195 c.
1096 2145 1137 2207 84,
1158 2146 1178 2195 l.

105 2213 182 2262 nasci
199 2226 259 2261 cum
272 2209 619 2277 pediduclLiv.30‚2)und
669 2210 873 2275 B.G.a,1i‚5;
892 2214 916 2275 8,
935 2213 959 2275 8,
979 2215 1005 2272 1;
1024 2213 1048 2272 6,
1067 2213 1108 2274 32,
1126 2215 1150 2266 5.

104 2280 131 2331 in
157 2278 323 2345 Verbindung
355 2279 401 2330 mit
434 2278 618 2331 Substantiveu
704 2278 1054 2333 3.Gcciciamliebilcmi.l.
1062 2281 1094 2332 52
1102 2279 1180 2345 Legat

102 2347 185 2409 fiscos
200 2364 260 2399 cum
267 2350 393 2415 pecunia.
410 2347 440 2400 B.
453 2346 481 2399 G.
494 2351 519 2412 7,
531 2351 572 2410 to,
586 2350 617 2400 2:
670 2347 759 2400 Gisars
777 2347 802 2399 in
815 2347 922 2410 Gallica,
935 2345 963 2399 B.
977 2346 1005 2399 G.
1019 2351 1043 2413 i,
1056 2351 1088 2413 83
1098 2364 1122 2399 u.
1133 2350 1178 2406 90;

104 2417 235 2467 muliones
261 2432 321 2467 eccm
347 2416 509 2478 coactitium
539 2419 618 2467 untcn
670 2418 694 2477 8,
706 2418 747 2468 24.
768 2414 1043 2482 Vgl.unten2,24.—
1056 2415 1182 2467 Scriboni

105 2486 129 2548 2,
149 2486 189 2547 11,
206 2488 234 2537 4:
258 2487 344 2536 horico
366 2487 480 2535 inemec
500 2499 560 2534 cum
576 2485 618 2541 in·
670 2482 1181 2549 Lii.,einthitigerAnhingerdesPom-

105 2550 180 2611 sciis.
669 2551 751 2618 peius,
778 2553 865 2617 opiter
889 2549 1110 2615 Schwiegervater
1134 2549 1180 2601 des

140 2620 163 2670 4.
181 2620 221 2669 ito
233 2647 266 2656 —
278 2616 320 2679 tut,
339 2619 365 2668 in
383 2618 618 2670 bescbrinlrendem
670 2619 741 2670 Sext.
758 2617 904 2684 Pompeius.
917 2645 948 2654 —
961 2621 993 2667 ct
1008 2622 1065 2684 ipse
1085 2618 1180 2681 (Gasar,

108 2684 187 2736 Sinus
201 2708 235 2728 =
248 2700 325 2749 zuar,
343 2686 404 2736 aber
422 2686 489 2738 doch
506 2703 544 2751 so,
563 2686 618 2738 dals
669 2685 740 2738 nicht
756 2684 829 2750 Libo)
851 2685 1048 2750 colloqueretur
1060 2686 1183 2752 postulat

107 2779 150 2814 ω,
162 2751 212 2802 wie
225 2752 274 2803 Gic.
288 2752 320 2802 de
330 2753 390 2818 imp.
400 2751 489 2820 Pomp.
499 2757 523 2816 3,
536 2757 565 2807 8:
577 2757 618 2805 ito
668 2777 703 2796 =
721 2752 777 2804 dals
795 2768 822 2804 er
839 2754 886 2804 mit
902 2751 1040 2819 Pompeius
1057 2754 1181 2820 sprechen

108 2821 320 2885 triumpharunt,
340 2824 374 2869 'ct
393 2821 440 2870 ille
480 2822 555 2871 cicccc
576 2837 620 2872 cu·
672 2820 772 2873 ddrle.
790 2820 892 2872 Ebenso
905 2820 956 2871 Gic.
969 2837 993 2887 p.
1004 2819 1178 2885 Sest.32,68:

106 2891 272 2953 paratusque
288 2891 422 2951 regnaret.
448 2836 621 2954 ffibegegnet
670 2890 797 2941 uidesne
813 2891 958 2939 sententiaa
973 2889 1093 2939 dicerent
1101 2891 1182 2953 lingi-

108 2955 166 3007 dem
184 2954 315 3018 Vorwurl,
335 2954 389 3006 dass
408 2970 435 3006 er
453 2955 532 3006 durch
550 2957 620 3007 selue
672 2959 766 3008 tabant
782 2979 815 2999 =
833 2962 866 3007 ct
881 2957 969 3007 dicere
986 2957 1094 3018 liceret5
1115 2955 1180 3021 Nep.

109 3021 281 3088 Operationen
293 3022 343 3074 deu
354 3022 461 3089 Frieden
473 3023 621 3093 unmoglich
670 3023 760 3092 Epam.
777 3029 802 3088 4,
819 3028 846 3076 4:
869 3039 929 3074 carn
945 3027 1064 3088 rogaret,
1080 3027 1113 3081 ct
1123 3027 1181 3074 tuto

109 3092 226 3157 gemacht
238 3091 313 3144 habe.
323 3120 356 3128 -
365 3089 487 3155 Magium
499 3095 532 3155 (c.
543 3094 584 3154 24,
594 3094 620 3153 5)
672 3095 767 3142 emicet.
802 3091 865 3143 Was
889 3090 938 3143 den
956 3090 1181 3158 'l'empuswecbsel

107 3175 162 3210 non
178 3161 295 3210 remitti:
315 3160 351 3210 im
368 3157 551 3226 Widerspruch
574 3158 621 3210 mit
671 3162 794 3210 hortetur
809 3188 843 3196 —
864 3160 1061 3227 colloqueretur
1077 3159 1182 3224 botulli,

109 3228 192 3279 seiner
213 3228 319 3294 cigenen
330 3227 438 3294 Angabe
450 3227 563 3279 schreibt
575 3227 621 3278 Gir-
672 3226 926 3280 sokommtderselbe
935 3228 1089 3280 nacheincm
1095 3226 1180 3280 Praes.

106 3309 151 3345 sar
162 3296 205 3346 bei
217 3295 267 3347 Cic.
280 3295 312 3347 ad
324 3296 410 3359 Acts,
425 3299 455 3348 la
468 3295 498 3358 Α,
513 3299 541 3348 1:
559 3295 621 3346 Mi·
672 3295 732 3349 hist.
751 3295 792 3346 bei
814 3295 891 3347 Gdsar
913 3296 952 3348 oit
969 3312 1024 3362 vor,
1047 3312 1122 3348 wenn
1140 3296 1182 3348 ein

104 3364 155 3410 eit
179 3363 216 3412 cd
240 3379 282 3413 me
309 3363 344 3415 N.
366 3363 522 3429 Magium:
553 3380 622 3429 quae
672 3377 751 3415 neucs
768 3363 930 3430 regiercndes
947 3364 1060 3417 Verbum
1076 3364 1181 3416 cintritt.

109 3432 167 3480 oica
184 3432 392 3497 ructrcopondi.
423 3431 510 3484 Dieser
523 3431 622 3483 schein-
673 3429 699 3483 S.
717 3430 746 3483 B.
764 3431 793 3484 G.
816 3435 836 3494 l,
855 3436 879 3498 l,
898 3435 927 3493 3;
942 3435 969 3497 6,
987 3435 1012 3494 9,
1030 3437 1055 3484 7.

108 3498 171 3549 bare
184 3496 365 3563 Widerspruch
381 3497 442 3550 lissi
459 3499 514 3550 sich
531 3514 560 3551 so
577 3499 623 3550 be·
707 3503 731 3552 4.
750 3502 970 3551 existimationis:
987 3517 1009 3552 c.
1019 3503 1076 3565 l,6.
1088 3529 1123 3539 -—
1134 3515 1182 3551 ac-

111 3565 231 3631 seitigen:
259 3565 336 3616 Gisar
358 3566 440 3617 nahm'
458 3565 557 3632 Magius
578 3582 622 3633 ge-
674 3571 746 3618 ctore
763 3572 843 3634 atque
854 3572 964 3632 egente:
980 3568 1057 3619 durch
1070 3567 1119 3620 Rat
1131 3567 1183 3618 und

108 3633 205 3700 iangcn
222 3632 275 3684 und
286 3632 407 3687 ,schichte
432 3634 475 3685 ihn
493 3650 526 3685 an
547 3633 623 3686 Pom·
673 3634 749 3699 That,
766 3635 815 3687 Rat
833 3636 885 3687 und
900 3637 998 3702 thatige
1009 3633 1183 3701 Mitwirlmng,

111 3701 192 3768 peius.
213 3700 301 3752 Dieser
313 3700 414 3751 macbtc
432 3700 511 3753 durch
522 3700 623 3767 Magius
675 3702 725 3754 Gic
744 3718 768 3769 p.
788 3702 854 3755 Sest.
873 3705 914 3767 28,
931 3707 978 3756 61:
996 3704 1062 3767 dcc,
1079 3707 1183 3764 auctor,

110 3767 624 3835 ungendgendevorschliige,Gisarant-
674 3774 751 3822 actor
772 3787 862 3822 reram
889 3773 1000 3823 illerum
1021 3770 1085 3831 scit.
1119 3769 1183 3838 Nep.

110 3841 221 3889 wortete
244 3837 336 3888 darauf
355 3835 407 3886 und
426 3850 477 3887 nun
494 3837 553 3888 kam
570 3836 624 3888 hla-
645 3846 647 3850 ‘
675 3839 727 3890 act.
741 3841 765 3902 3,
777 3841 806 3891 2:
824 3841 895 3889 hunc
906 3843 1043 3890 accior-cm
1055 3841 1184 3889 actorem-

107 3905 170 3971 gius
196 3904 267 3956 nicht
293 3904 396 3956 wieder.
418 3933 452 3942 -
478 3921 509 3956 ea
535 3922 579 3956 ree
603 3922 624 3956 s.
676 3922 725 3972 que
743 3907 863 3957 habebat.

163 3995 231 4038 Cesar
243 3995 271 4039 11.
302 3998 322 4039 8.
335 3995 391 4038 dull.
961 3994 977 4042 4
