2626 4416
126 241 187 304 182
522 242 564 294 DE
581 242 683 296 BELLO
702 241 796 296 GlVlLl

87 432 102 481 3
124 419 314 498 regionibus,
335 436 408 497 quas
430 418 566 492 tenebat,
589 418 768 497 comportari
784 419 917 497 imperat.
955 417 1060 478 Caesar
1080 417 1204 496 longius

123 505 233 567 bellum
263 505 384 565 ductum
414 503 451 563 iri
473 503 644 565 existimans
667 504 754 564 etde
776 503 883 564 ltalicis
911 503 1125 564 commeatibus
1149 502 1202 562 de·

124 609 262 669 speranS,
286 589 367 667 quod
390 597 469 649 tanta
492 589 642 668 diligentia
665 589 764 649 omnia
778 589 865 649 litora
879 606 896 647 a
910 587 1100 667 Pompeianis
1114 596 1202 648 tene-

123 675 242 748 bantur,
259 675 425 752 classesque
438 674 540 752 ipsius,
556 692 628 752 quas
638 673 735 734 hieme
747 675 775 735 in
790 673 898 747 Sicilia,
914 673 1014 747 Gallia,
1026 674 1108 734 ltalia
1120 674 1202 734 feee-

125 768 179 832 rat,
195 759 397 832 morabantur,
414 759 444 818 in
460 759 585 837 Epirum
601 759 644 819 rei
659 759 868 820 frumentariae
884 777 971 819 causa
983 758 1018 829 Q.
1035 758 1156 819 Tillium
1173 767 1202 818 et

87 851 102 901 4
123 845 156 904 L.
173 845 344 906 Canuleium
360 844 489 923 legatum
504 844 600 919 misit,
616 845 755 923 quodque
770 845 825 905 hae
840 844 977 923 regiones
992 842 1117 904 aberant
1133 844 1201 904 lon·

124 930 204 1008 gine,
220 930 293 990 loeis
310 929 397 990 certis
411 929 518 990 horrea
534 929 688 990 constituit
701 937 894 1007 vecturasque
908 929 1050 989 frumenti
1065 927 1201 989 finitimis

86 1022 101 1071 5
123 1014 289 1076 civitatibus
311 1014 474 1093 descripsit.
511 1014 584 1074 ltem
599 1015 682 1075 Lisso
705 1015 912 1092 Parthinisque
934 1023 964 1074 et
985 1014 1127 1075 omnibus
1149 1032 1200 1074 ca·

108 1099 213 1161 stellis
235 1099 315 1178 quod
338 1107 415 1160 esset
436 1099 578 1159 humenti
594 1100 729 1178 conquiri
744 1099 838 1160 iussit.
875 1098 907 1159 ld
923 1106 985 1160 erat
1002 1100 1200 1178 perexiguum

123 1204 190 1245 eum
214 1184 305 1262 ipsius
327 1184 389 1262 agri
413 1192 532 1258 natura,
556 1184 636 1262 quod
651 1193 722 1245 sunt
735 1185 800 1245 loca
815 1202 919 1262 aspera
935 1202 968 1245 ac
983 1193 1143 1245 montuosa
1165 1202 1200 1245 ac

123 1270 297 1348 plerumque
309 1269 458 1329 frumento
469 1277 596 1329 utuntur
607 1269 774 1347 importato,
785 1279 849 1330 tum
862 1269 940 1347 quod
953 1269 1113 1349 Pompeius
1124 1270 1201 1330 haec

123 1355 290 1432 providerat
301 1362 330 1413 et
341 1352 546 1432 superioribus
558 1354 661 1414 diebus
672 1355 798 1432 praedae
810 1355 875 1414 loco
888 1354 1043 1415 Parthinos
1053 1355 1202 1416 habuerat

121 1440 363 1516 frumentumque
390 1457 479 1498 omne
506 1439 705 1517 conquisitum
731 1439 863 1518 spoliatis
889 1440 1061 1517 effossisque
1092 1459 1201 1502 eorum

122 1523 259 1584 domibus
274 1541 328 1602 per
343 1523 456 1602 equites
472 1533 679 1602 comportarat.

206 1604 267 1672 43.
291 1608 406 1678 Quibus
428 1608 518 1669 rebus
541 1609 667 1687 cognitis
684 1608 788 1669 Caesar
810 1607 968 1668 consilinm
991 1608 1068 1687 capit
1087 1625 1122 1669 ex
1139 1608 1200 1669 loci

122 1701 236 1753 natura.
266 1693 361 1753 Erant
383 1693 463 1753 enim
486 1694 598 1754 circum
613 1703 707 1754 eastra
723 1693 844 1771 Pompei
867 1693 1005 1771 permulti
1023 1693 1093 1754 editi
1108 1703 1199 1772 atque

122 1779 217 1856 asperi
233 1778 332 1838 colles.
362 1777 424 1839 Hos
439 1778 569 1856 primum
587 1778 739 1857 praesidiis
753 1778 850 1838 tenuit
865 1777 1041 1855 castellaque
1057 1778 1098 1838 ibi
1113 1797 1197 1839 eom-

85 1871 100 1920 2
120 1863 225 1923 munit.
256 1863 343 1936 lnde,
359 1872 391 1924 ut
406 1863 464 1923 loci
480 1863 624 1942 cariusque
641 1871 746 1924 natura
760 1862 888 1935 ferebat,
913 1882 948 1922 ex
964 1863 1083 1923 castello
1099 1863 1128 1923 in
1145 1881 1195 1923 ea-

121 1947 239 2009 stellum
259 1949 402 2028 perducta
431 1949 598 2010 munitione
620 1949 840 2009 circumvallare
862 1947 1037 2026 Pompeium
1059 1948 1197 2022 instituit,

122 2034 193 2093 haec
208 2041 362 2112 spectans,
385 2034 465 2111 quod
487 2043 610 2113 angusta
625 2052 657 2094 re
672 2033 864 2094 trumentaria
880 2032 1033 2106 utebatur,
1056 2033 1199 2112 qnodque

121 2118 280 2196 Pompeius
294 2118 483 2179 multitudine
498 2119 631 2196 equitum
646 2118 768 2192 valebat,
784 2137 843 2197 quo
859 2119 974 2178 minore
990 2118 1124 2196 periculo
1139 2138 1199 2180 un-

122 2202 210 2280 dique
221 2203 405 2263 frumentum
416 2212 671 2281 commeatumque
684 2203 825 2264 exercitui
839 2211 1016 2282 supportare
1031 2213 1142 2281 posset,
1159 2204 1199 2265 si-

84 2295 98 2344 3
120 2285 190 2360 mul,
207 2287 248 2346 uti
264 2286 453 2365 pabulatione
467 2288 641 2366 Pompeium
657 2288 829 2367 prohiberet
844 2288 1067 2367 equitatumque
1084 2288 1199 2351 eiusad

83 2381 98 2431 4
120 2389 183 2431 rem
199 2373 359 2450 gerendam
374 2372 509 2432 inutilem
525 2373 664 2446 elliceret,
683 2374 780 2447 tertio,
796 2381 830 2434 ut
843 2373 1057 2444 auctoritatem,
1075 2393 1134 2452 qua
1150 2374 1199 2434 ille

121 2456 246 2517 maxime
258 2456 335 2536 apud
348 2465 463 2517 exteras
478 2457 614 2520 nationes
626 2458 680 2518 niti
691 2458 852 2533 videbatur,
868 2458 1024 2531 minueret,
1040 2477 1107 2517 eum
1122 2460 1200 2519 fama

120 2560 175 2620 per
186 2541 289 2602 orbem
300 2551 444 2602 terrarum
461 2543 680 2620 percrebuisset
694 2543 776 2603 illum
788 2562 803 2601 a
816 2543 938 2604 Caesare
954 2543 1084 2604 obsideri
1098 2562 1199 2624 neque

119 2628 228 2688 audere
244 2627 358 2706 proelio
367 2628 522 2688 dimicare.

121 2759 164 2810 ihn
195 2759 239 2811 der
271 2760 395 2813 stebende
424 2760 558 2812 Gebraueh
587 2761 632 2812 der
684 2760 856 2821 durohwdhlt;
876 2760 916 2812 die
932 2736 1093 2812 Eiuwohner⁶
1106 2759 1200 2814 hatten

122 2826 631 2948 Spracheverlanghdervnrhergehende
683 2829 722 2881 ihr
738 2828 856 2880 Geireide
873 2828 899 2878 in
917 2828 988 2880 ibren
1006 2828 1123 2880 ll'ansem
1141 2844 1200 2882 ver-

120 2911 135 2946 a
156 2895 208 2947 tive
234 2894 306 2948 lnlin.
333 2897 367 2948 ist
393 2913 440 2948 nur
466 2895 545 2948 durch
575 2897 631 2949 eine
684 2896 779 2962 graban
794 2895 855 2949 oder
873 2897 899 2947 in
911 2895 1013 2948 Grnben
1026 2895 1200 2950 ansbewahrt.

118 2962 632 3029 NachlasstgkeitdesSchriftstelterszu
717 2961 764 3019 411.
783 2967 805 3016 1.
833 2981 868 3014 ex
891 2965 944 3015 loci
966 2968 1083 3015 natura:
1120 2965 1202 3018 Gasar

121 3030 259 3098 erkldren,
277 3032 321 3083 der
338 3035 412 3083 iudet
433 3036 522 3084 setzen
543 3033 631 3085 wollte
684 3032 929 3084 entschlolssichzn
940 3030 1199 3098 einerllriegsweise,

121 3099 172 3150 und
185 3099 233 3151 den
243 3099 379 3167 Ubergang
391 3116 422 3151 zn
434 3103 551 3166 imperat
562 3101 633 3152 nicht
684 3099 725 3152 die
735 3100 780 3152 aul
785 3100 825 3151 die
832 3099 1076 3165 Eigentumlichkeit
1082 3100 1128 3152 des
1136 3101 1201 3154 Ter-

121 3166 264 3221 beaehtete.
683 3168 752 3220 rains
771 3167 912 3234 gegrdndet
930 3183 991 3220 war.

155 3239 179 3286 4.
197 3240 335 3285 vecturus:
353 3251 374 3288 c.
388 3237 428 3300 32,
442 3238 465 3287 2.
485 3265 516 3274 -
535 3237 632 3286 desm'·
718 3239 742 3289 2.
759 3234 877 3296 ferebat:
894 3251 915 3287 c.
935 3239 975 3298 61,
995 3239 1031 3296 33.
1048 3239 1068 3300 1,
1088 3239 1130 3299 ot,
1152 3242 1175 3292 1.

122 3304 195 3352 bere:
229 3302 270 3353 bei
300 3304 371 3355 einer
400 3318 631 3370 vergenommenen
718 3308 741 3356 3.
758 3305 881 3354 inutilem
895 3303 1028 3365 efficeret:
1045 3307 1133 3372 aaa:
1151 3323 1199 3357 ne-

121 3369 269 3436 Einteilung
281 3371 363 3422 einem
376 3370 425 3422 den
443 3370 488 3423 auf
503 3370 546 3422 ihn
559 3369 632 3423 kom—
680 3373 862 3436 glegentiores
879 3372 1016 3434 effloissat.

122 3436 631 3503 menden'l'eilznsehreiben,hestimmen
717 3443 741 3492 4.
770 3445 802 3490 ut
828 3442 1018 3492 auctoritatem
1035 3471 1069 3479 —
1088 3444 1199 3507 proelio

122 3505 174 3557 und
191 3504 303 3558 darnach
321 3506 475 3572 anlerlegen.
510 3505 540 3559 B.
557 3507 631 3561 Alex.
683 3509 821 3560 dimicare.
862 3506 888 3560 S.
908 3524 929 3563 c.
949 3513 990 3574 56,
1009 3512 1037 3570 2;
1063 3509 1199 3563 llolabella

122 3576 163 3639 51,
178 3577 207 3625 3:
226 3579 257 3625 ut
269 3577 402 3640 pecuniae
419 3575 634 3627 desmberentur
683 3576 725 3628 bei
744 3577 795 3632 cte.
813 3576 846 3628 ad
862 3577 931 3628 Fam.
944 3579 967 3641 9,
980 3579 1005 3644 9,
1018 3580 1046 3630 2:
1064 3578 1200 3630 Animad-

121 3645 296 3776 1116611ἵῖ
296 3642 634 3776 “adtumulata
682 3645 1199 3779 tttftdbddttdtmztttu

121 3780 186 3826 essct
203 3777 339 3845 abhiingig.
358 3779 475 3843 -quod
491 3783 558 3830 esset
573 3779 632 3842 sru-
683 3798 736 3833 ease
749 3786 843 3848 tutum,
861 3786 888 3832 et
898 3784 947 3832 hoc
960 3785 1048 3846 enum,
1066 3782 1139 3849 quod
1154 3786 1198 3833 in-

120 3848 217 3894 menti:
237 3848 259 3909 1,
278 3849 318 3909 36,
336 3849 360 3900 6.
682 3850 745 3913 fimo
759 3853 855 3917 cuique
864 3852 985 3916 contigit,
998 3852 1044 3900 isti
1053 3866 1107 3901 non
1116 3867 1200 3918 posse

156 3916 179 3965 5.
203 3913 357 3980 effossisque
380 3931 472 3966 eorum
494 3916 633 3968 domibus:
684 3921 852 3986 contingere,
880 3923 912 3969 ut
939 3918 1047 3968 honeste
1076 3920 1198 3984 effligere
