2626 4416
141 252 202 318 228
538 255 579 308 BE
597 253 700 308 Bruto
718 251 811 309 (111111

104 443 119 493 2
140 428 236 510 gladio
252 428 282 488 in
300 446 333 489 os
347 427 501 488 adversum
517 426 662 488 coniecto.
691 425 794 504 Neque
809 424 839 485 id
854 424 909 486 luit
923 423 1046 499 falsum,
1071 425 1153 503 quod
1169 424 1223 486 ille

142 516 172 575 in
187 531 319 594 pugnam
334 512 528 593 proficiscens
543 511 665 572 dixerat.
695 510 744 572 Sic
759 510 839 571 enim
851 509 957 571 Caesar
971 509 1166 585 existimabat,
1183 529 1222 571 eo

141 599 255 679 proelio
271 596 544 659 excellentissimam
558 596 696 657 virtutem
711 595 837 657 Crastini
854 595 946 657 luisse
962 594 1133 675 optimeque
1149 614 1224 657 eum

105 697 120 746 3
142 686 177 746 de
193 703 225 746 se
245 683 385 744 meritum
407 681 563 744 iudicabat.
594 681 638 742 Ex
653 680 835 761 Pompeiano
858 680 990 742 exercitu
1005 679 1123 742 circiter
1139 680 1224 742 milia

142 788 179 830 xv
190 768 330 830 cecidisse
345 767 530 842 ridebantur,
545 766 597 828 sed
608 767 640 827 in
651 765 832 827 deditionem
842 774 991 828 venerunt
1001 765 1129 845 amplius
1139 765 1225 827 milia

142 873 224 915 xrrur
235 857 375 932 (namque
391 853 478 914 etiam
494 853 640 925 cobortes,
656 870 731 930 quae
746 850 892 931 praesidio
905 851 936 912 in
948 850 1074 912 castellis
1089 852 1221 926 fuerant,
1262 898 1267 906 .

143 958 207 1001 sese
229 938 326 1000 Sullae
349 937 551 1015 dediderunt),
580 936 664 998 multi
694 936 898 1016 praeteream
922 935 1061 997 finitimas
1088 935 1223 999 civitates

105 1026 330 1104 trelugerunt,
359 1023 503 1102 signaque
531 1022 669 1085 militaria
698 1040 733 1082 ex
762 1021 876 1102 proelio
905 1022 940 1082 ad
964 1020 1119 1082 Caesarem
1149 1031 1223 1084 sunt

143 1109 234 1171 relata
248 1128 341 1170 ccxxx
357 1116 386 1168 et
407 1108 521 1187 aquilae
537 1126 605 1168 vrm.
636 1107 669 1167 L.
684 1105 830 1167 Domitius
852 1126 887 1167 ex
907 1107 1009 1168 eastris
1031 1106 1062 1167 in
1085 1115 1222 1168 montem

143 1195 303 1274 refugiens,
319 1211 387 1254 curn
397 1193 474 1254 vires
490 1211 557 1254 eum
572 1191 742 1254 lassitudine
754 1190 941 1267 defecissent,
956 1190 993 1252 ab
1009 1191 1160 1270 equitibus
1176 1201 1223 1254 est

142 1281 325 1341 interfectus.

226 1358 306 1427 100.
329 1362 442 1423 Eodem
456 1371 589 1441 tempore
603 1360 637 1423 B.
654 1361 770 1423 Laelius
785 1379 854 1424 cum
870 1361 961 1423 classe
976 1361 1012 1421 ad
1027 1361 1223 1424 Brundisium

142 1448 224 1509 venit
238 1447 399 1526 eademque
414 1446 539 1522 ratione,
555 1465 613 1524 qua
623 1448 733 1508 factum
745 1465 762 1507 a
772 1446 888 1508 Libone
904 1455 990 1508 antea
1006 1448 1221 1509 demonstravi-

107 1544 123 1594 t
143 1552 225 1608 mus,
247 1532 374 1594 insulam
390 1532 535 1593 obiectam
552 1533 652 1612 portui
666 1532 848 1594 Brundisino
869 1532 975 1593 tenuit.
1006 1532 1147 1594 Similiter
1160 1532 1220 1594 Va-

144 1620 245 1694 tinius,
262 1617 312 1697 qui
325 1617 483 1679 Brundisio
498 1625 643 1697 praeerat,
658 1617 744 1679 tectis
759 1617 972 1695 instructisque
987 1618 1104 1698 scaphis
1119 1618 1224 1680 elicuit

145 1723 234 1765 naves
249 1703 402 1764 Laelianas
418 1711 505 1781 atque
522 1722 557 1764 ex
572 1702 752 1782 hislongius
766 1703 941 1784 productam
957 1721 1047 1764 unam
1070 1703 1222 1783 quinque·
1264 1718 1269 1729 “

145 1807 256 1850 remem
279 1796 308 1848 et
330 1788 461 1849 minores
483 1789 556 1849 duas
570 1787 601 1849 iu
617 1788 761 1868 angustiis
775 1796 880 1869 portus
895 1787 990 1868 cepit,
1012 1789 1145 1868 itemque
1167 1807 1223 1870 per

108 1886 123 1935 a
145 1874 260 1953 equites
275 1873 434 1953 dispositos
450 1892 526 1952 aqua
541 1873 699 1953 prohibere
722 1873 887 1935 classiarios
905 1873 1042 1935 instituit.
1073 1875 1131 1935 Sed
1148 1874 1223 1936 Lae·

144 1959 202 2022 lius
216 1968 351 2038 tempore
366 1959 438 2020 anni
453 1958 655 2020 commodiore
666 1978 738 2020 usus
749 1959 786 2020 ad
797 1958 995 2037 navigandum
1010 1959 1155 2022 onerariis
1167 1979 1224 2021 na·

144 2044 229 2106 ribus
250 2044 376 2125 Corcyra
391 2044 634 2125 Dyrrhachioque
655 2063 761 2124 aquam
784 2045 845 2106 suis
867 2042 1061 2124 supportabat
1082 2063 1183 2124 neque
1207 2065 1224 2107 a

107 2142 122 2192 4
144 2129 296 2211 proposito
312 2129 517 2191 deterrebatur
532 2148 631 2209 neque
646 2139 714 2191 ante
730 2129 878 2211 proelium
893 2129 923 2190 in
940 2129 1089 2191 Thessalia
1110 2131 1225 2192 factum

146 2216 297 2295 cognitum
319 2223 370 2276 aut
390 2214 552 2294 ignominia
578 2215 751 2277 amissarum
771 2215 891 2276 narium
914 2224 964 2275 aut
986 2215 1226 2278 necessariarum

145 2319 246 2362 rernm
261 2301 361 2381 inopia
377 2318 412 2360 ex
427 2308 517 2380 portu
532 2300 687 2379 insulaque
702 2301 809 2380 expelli
823 2300 929 2380 potuit.

229 2381 310 2449 101.
333 2386 427 2446 Isdem
441 2386 503 2446 lere
518 2385 703 2465 temporibus
713 2385 829 2447 Cassius
844 2403 913 2445 cum
929 2386 1021 2447 classe
1034 2385 1180 2465 Syrorum
1193 2395 1224 2448 et

145 2470 326 2531 Phoenicum
350 2480 379 2531 et
395 2470 516 2531 Cilicum
538 2471 569 2531 in
586 2471 714 2532 Siciliam
736 2470 826 2545 venit,
849 2478 878 2530 01
900 2489 967 2531 cum
989 2478 1067 2531 esset
1088 2470 1224 2534 Caesaris

145 2554 246 2616 classis
260 2556 350 2617 divisa
364 2556 395 2617 in
412 2556 483 2618 duas
494 2564 603 2636 partes,
619 2557 754 2617 dimidiae
769 2554 845 2635 parti
863 2564 1013 2635 praeesset
1026 2555 1059 2616 P.
1072 2556 1224 2636 Sulpicius

144 2649 264 2720 praetor
278 2641 393 2702 Vibone
408 2643 444 2703 ad
458 2643 577 2716 fretum,
593 2642 728 2703 dimidiae
743 2640 781 2701 M.
797 2641 979 2721 Pomponius
994 2641 1030 2702 ad
1045 2640 1223 2718 Messanam,

177 2771 225 2830 00.
246 2780 266 2827 l.
285 2778 314 2825 tn
333 2791 361 2826 os
373 2775 521 2826 adeersum.
550 2773 579 2827 Β.
591 2774 619 2826 C.
631 2780 655 2840 5,
705 2773 824 2826 Vatinius
842 2774 920 2838 (oben
938 2789 960 2825 c.
980 2776 1019 2839 19,
1037 2776 1063 2840 2)
1081 2790 1137 2827 war
1154 2776 1223 2829 nach

145 2845 186 2908 35,
197 2847 226 2894 8:
241 2844 348 2895 ordirer
360 2844 509 2895 adhortans
520 2845 549 2893 tn
561 2843 655 2895 adver·
706 2841 868 2895 Brundisium
888 2842 1022 2895 entsendet
1040 2842 1155 2908 worden,
1179 2860 1223 2899 um

143 2927 202 2962 eum
221 2928 250 2963 oe
265 2910 353 2972 frende
370 2913 537 2965 vulneratur.
707 2910 757 2962 den
769 2909 832 2962 Rest
845 2909 889 2962 der
901 2909 1022 2977 Truppen
1034 2911 1222 2967 nacbzuholen.

180 2984 202 3033 3.
222 2982 331 3031 circiter
347 2980 403 3031 mil.
419 2980 475 3031 XV.
505 2979 576 3032 Nach
587 2978 655 3046 App.
706 3009 740 3016 -
764 2981 856 3029 tectio:
884 2982 907 3044 1,
925 2981 966 3042 56,
988 2984 1008 3032 1.
1026 3007 1059 3018 -
1077 2981 1222 3033 instructis

146 3062 169 3098 a.
184 3063 206 3099 a.
220 3046 249 3101 0.
267 3048 423 3114 behauptete
440 3046 544 3100 Asinius
562 3047 655 3113 Pollio,
706 3046 818 3099 namlich
840 3046 1017 3101 armamentis:
1047 3052 1221 3114 ausgerdstet.

146 3114 201 3166 dass
218 3130 266 3166 nur
284 3118 351 3168 0000
369 3114 479 3182 gelallen
499 3117 577 3173 seien.
707 3131 729 3170 c.
749 3119 805 3180 111,
824 3118 848 3167 3.
882 3113 912 3166 Β.
930 3113 959 3168 G.
979 3118 1003 3179 5,
1024 3117 1048 3180 2,
1066 3118 1090 3168 2.

180 3185 204 3234 4.
221 3183 252 3234 L.
269 3184 404 3234 Domitius
421 3187 505 3235 -ob
524 3187 656 3250 equitibus
741 3186 764 3237 3.
782 3198 867 3248 neque
885 3183 1081 3235 deterrebatur:
1109 3183 1135 3236 S.
1148 3200 1183 3236 zu
1198 3188 1220 3252 1,

146 3255 185 3300 eet
201 3251 368 3312 interfectus.
398 3250 652 3318 0021111200
708 3254 749 3314 44,
768 3254 792 3303 4.

145 3321 203 3384 sagt
220 3333 271 3369 von
289 3317 323 3372 hl.
340 3319 481 3370 Antonius:
513 3319 544 3371 L.
563 3321 655 3371 Domi·
740 3323 765 3372 4.
783 3322 847 3369 ente
859 3317 995 3383 proelium
1012 3323 1042 3370 e'rr
1058 3318 1104 3371 Τ1.
1115 3318 1222 3380 factum

145 3389 221 3448 tium,
234 3385 412 3437 clarissimum
424 3392 450 3437 et
461 3387 655 3439 nobilissimum
707 3390 852 3451 cognitum.
887 3385 924 3436 Ba
942 3389 972 3437 tn
987 3385 1033 3440 Th.
1050 3388 1222 3457 1001000111)-

144 3458 233 3506 rtrum
251 3454 396 3520 occideras,
414 3455 562 3520 multosque
575 3471 656 3522 prae·
705 3454 819 3522 position
842 3454 890 3518 ist,
918 3455 963 3506 het
986 3454 1027 3508 die
1052 3455 1222 3525 Verbindung

145 3528 227 3588 terea,
245 3539 311 3588 quos
329 3522 436 3588 Caesar,
455 3524 655 3591 0100000100,
705 3522 809 3583 factum
824 3526 963 3587 cognitum
980 3524 1064 3576 nichts
1082 3524 1221 3578 001101100-

144 3591 654 3658 fortasseeeroeeeet,crudelissimeper-
705 3590 750 3643 des
773 3591 826 3642 und
848 3592 883 3644 ist
905 3591 976 3644 nicht
999 3608 1031 3645 zu
1053 3592 1221 3658 reigleichen

144 3665 249 3712 secutus
265 3661 429 3712 trucidarae.
705 3658 867 3724 messenen,
880 3660 931 3711 wie
939 3658 967 3712 Β.
978 3659 1007 3712 G.
1018 3663 1041 3724 8,
1054 3663 1093 3726 13,
1103 3662 1131 3712 2:
1149 3678 1222 3728 pau-

178 3727 241 3783 100.
262 3733 283 3781 1.
302 3729 335 3780 Ι).
354 3728 476 3780 Laelius:
494 3744 515 3780 c.
534 3732 558 3791 5,
577 3730 602 3781 3.
621 3755 654 3766 —-
705 3731 744 3778 ete
766 3730 951 3778 resistentibus
970 3726 1134 3795 interfectis,
1158 3730 1223 3783 oder

145 3813 161 3846 a
179 3797 288 3848 Libone.
324 3813 345 3849 0.
367 3800 407 3860 23,
429 3802 449 3849 1.
705 3796 886 3860 00000202
903 3799 1222 3862 pendeatquehieoul·

179 3867 202 3916 2.
216 3864 358 3917 Similiter:
376 3864 486 3928 ibnlich‚
500 3865 549 3917 wie
562 3880 589 3917 es
601 3864 654 3916 An·
704 3867 806 3916 nerate'e
822 3867 942 3931 receptis.

145 3933 230 3986 tonius
243 3933 352 3998 macbte,
370 3948 392 3984 c.
401 3935 441 3985 24.
471 3932 520 3986 Der
532 3932 612 4000 Legat
623 3931 651 3988 P.
737 3931 799 3986 101.
826 3937 847 3986 1.
884 3933 1004 3985 Cassios:
1038 3947 1061 3992 0.
1085 3935 1113 3998 b,
1138 3936 1163 3988 3.
1186 3964 1223 3973 -
