2626 4416
146 277 207 341 1'18
541 279 582 331 bu
600 277 701 331 uncto
719 278 811 332 GlVlld

145 453 231 516 cebat
245 461 275 514 et
288 451 395 513 iudicia
404 451 441 512 -in
456 451 586 531 privatos
599 450 740 512 reddebat
745 470 754 527 ;
778 452 827 530 qui
843 450 931 513 verba
946 459 1033 530 atque
1049 451 1215 513 orationem

145 540 282 601 adversus
294 535 507 615 rempublicam
518 535 699 611 habuissent,
715 554 818 598 eorum
832 535 912 597 bona
922 536 954 597 in
966 536 1117 616 publicum
1133 537 1216 599 addi·

148 625 241 685 cebat.
270 622 455 683 Provinciam
470 639 589 683 omnem
605 622 636 682 in
655 641 707 683 sua
723 629 752 682 et
767 621 889 700 Pompei
904 621 992 682 verba
1007 622 1214 684 iusiurandum

107 720 123 769 b
144 708 287 788 adigebat.
318 707 450 787 Cognitis
461 706 496 768 iis
508 706 606 781 rebus,
623 724 698 785 quae
713 715 784 768 sunt
798 715 897 786 gestae
912 707 944 767 in
960 707 1097 768 citeriore
1108 707 1216 786 Hispa-

145 794 209 867 nia,
230 793 340 853 bellum
363 791 492 872 parabat.
523 791 609 853 Ratio
631 799 729 852 autem
744 791 815 853 haec
831 800 892 852 erat
906 791 993 866 belli,
1016 800 1049 852 ut
1063 811 1095 853 se
1111 810 1178 852 cum
1194 812 1217 852 11

144 877 311 956 legionibus
325 876 413 938 Gadis
428 877 592 952 conferret,
616 895 705 938 naves
719 877 962 956 frumentumque
982 896 1070 938 omne
1085 876 1127 937 ibi
1142 896 1217 938 con-

144 964 266 1038 tineret3
289 961 574 1042 provinciamienim
597 979 717 1023 omnem
732 961 862 1023 Caesaris
877 961 967 1024 rebus
982 963 1080 1024 lavere
1102 980 1218 1041 cogno·

145 1056 234 1109 verat.
264 1047 298 1108 ln
321 1047 418 1109 insula
439 1048 589 1108 lrumento
613 1045 795 1125 navibusque
817 1047 995 1126 comparatis
1015 1046 1127 1108 bellum
1149 1047 1217 1108 duci

108 1145 123 1193 '1
145 1153 206 1194 non
218 1132 336 1193 difficile
349 1131 541 1193 existimabat.
572 1131 685 1208 Caesar,
702 1131 757 1193 etsi
768 1132 867 1193 multis
883 1133 1115 1211 necessariisque
1127 1132 1218 1194 rebus

144 1218 175 1279 in
190 1217 302 1279 ltaliam
316 1216 518 1292 revocabatur,
531 1224 631 1278 mmen
647 1216 842 1279 constituerat
857 1217 968 1278 nullam
978 1227 1091 1298 partem
1103 1217 1173 1278 belli
1184 1218 1216 1278 in

145 1302 294 1382 Hispaniis
309 1302 492 1381 relinquere,
516 1301 595 1380 quod
612 1320 719 1382 magna
734 1321 798 1364 esse
813 1302 936 1381 Pompei
951 1302 1096 1365 beneficia
1110 1311 1140 1363 et
1155 1321 1218 1363 ma-

146 1406 219 1467 gnas
234 1387 386 1448 cbentelas
400 1387 431 1448 in
447 1387 585 1448 citeriore
600 1386 753 1466 provincia
767 1386 887 1448 sciebat.
1003 1450 1010 1463 ,
1185 1397 1187 1400 ⁴

99 1458 124 1534 i
230 1469 286 1538 lb.
316 1472 419 1551 ltaque
442 1492 463 1532 ιι
485 1471 654 1552 legionibus
681 1472 778 1534 missis
799 1472 829 1532 in
853 1472 1025 1534 ulteriorem
1048 1473 1218 1550 Hispaniam

145 1576 213 1619 cum
229 1557 264 1629 Q.
281 1556 389 1633 Cassio,
404 1556 526 1618 tribuno
542 1556 645 1636 plebis,
661 1558 725 1637 ipse
740 1575 808 1618 cum
823 1575 859 1618 nc
875 1555 1025 1637 equitibus
1040 1558 1155 1636 magnis
1169 1558 1218 1619 iti-

145 1643 267 1706 neribus
281 1642 486 1722 praegreditur
500 1642 688 1722 edictumque
703 1642 879 1723 praemittit,
902 1643 937 1704 ad
952 1661 1040 1722 quam
1063 1643 1141 1703 diem
1156 1661 1218 1703 ma-

144 1729 282 1808 gistratus
303 1727 514 1808 principesque
536 1729 670 1790 omnium
692 1727 842 1789 civitatum
857 1726 913 1790 sibi
928 1747 992 1790 esse
1011 1736 1129 1808 praesto
1145 1726 1219 1789 Cor·

106 1822 122 1872 a
143 1813 236 1874 dubae
247 1813 344 1873 vebat.
367 1813 434 1888 Quo
447 1813 542 1874 edicto
556 1821 618 1873 tota
632 1812 785 1893 provincia
799 1813 971 1893 pervulgato
987 1813 1067 1875 nulla
1081 1813 1138 1873 luit
1148 1812 1219 1873 civi·

143 1907 204 1972 tas,
223 1897 295 1976 quin
311 1898 347 1957 ad
362 1897 391 1958 id
406 1906 523 1977 tempus
537 1906 653 1979 partem
668 1906 789 1960 senatus
804 1897 973 1960 Cordubam
987 1897 1132 1971 mitteret,
1155 1916 1218 1959 non

107 1991 121 2040 a
145 1983 215 2044 civis
236 1982 388 2044 Romanus
409 1983 497 2062 paulo
513 1983 629 2059 notior,
653 1983 726 2062 quin
747 1983 783 2044 ad
806 1983 884 2044 diem
906 1983 1088 2045 conveniret.
1125 1982 1220 2043 Simul

178 2118 202 2168 5.
219 2115 324 2166 iudicia
340 2115 468 2166 reddebat
478 2138 512 2158 =
523 2115 655 2167 iudicium
707 2131 766 2166 cere
776 2117 807 2166 in
814 2116 954 2182 publicum
965 2114 1088 2168 bedentet
1096 2115 1151 2167 also
1163 2115 1220 2166 bier

145 2183 225 2244 dare,·
242 2197 271 2234 es
288 2181 353 2233 wird
372 2197 430 2233 vom
448 2181 538 2234 Priator
555 2190 655 2249 gesagt,
707 2183 834 2249 desselbe,
846 2199 901 2236 was
911 2199 933 2236 c.
943 2186 1010 2248 25,4
1019 2185 1166 2250 publicare,
1179 2183 1221 2235 liu

144 2250 189 2303 der
206 2250 247 2301 die
264 2248 346 2315 lllage
368 2250 492 2301 annimmt
510 2250 562 2302 und
580 2252 655 2303 einen
707 2250 925 2318 Staatseigentum
939 2251 1064 2316 erldbren,
1082 2249 1221 2303 konliszie·

144 2317 248 2369 Richter
266 2317 328 2369 oder
345 2318 420 2369 einen
432 2316 597 2371 Gericbtsbol
611 2318 656 2370 da·
707 2335 760 2372 reu.
778 2347 812 2358 —
828 2321 1018 2372 iusiurandum
1035 2319 1176 2384 adigebat:
1197 2323 1219 2383 1,

144 2387 185 2438 libr
208 2384 326 2437 einsetzt.
361 2386 494 2437 Iudicium
516 2387 656 2452 denegare,
710 2390 752 2452 76,
770 2389 794 2440 3.

144 2452 656 2534 ainelllagenicblaunebmen.-oerba
742 2457 766 2509 i.
783 2457 991 2521 necessariisque
1008 2458 1094 2506 rebus.
1123 2452 1220 2532 barun-

143 2523 656 2656 ltbittlbiddittbitt
706 2520 1221 2658 iiiiii?ibliiliiiitit

144 2661 345 2723 orationemque
367 2674 412 2708 eos
438 2659 566 2711 adoneus
588 2675 656 2710 rem-
706 2658 748 2710 die
760 2675 812 2711 von
822 2659 899 2711 Cisar
910 2661 1075 2726 bbergaugen
1088 2658 1149 2710 oder
1161 2672 1222 2710 aus·

142 2726 279 2792 publicam
297 2727 428 2791 because,
445 2726 498 2778 und
515 2729 595 2778 uerba
610 2729 657 2778 aa·
706 2726 818 2794 gelallen
837 2728 883 2780 sei.
913 2727 1118 2780 Suetllaesbb.
1148 2725 1221 2777 Doch

144 2797 205 2845 bere
228 2792 305 2845 allein
330 2793 381 2848 Cic.
405 2794 437 2846 de
454 2794 552 2847 lavent.
571 2797 595 2859 2,
613 2798 655 2857 47,
707 2794 764 2847 liallt
782 2794 910 2862 dieselbe,
931 2797 982 2851 wie
1002 2810 1061 2846 man
1086 2810 1131 2847 aus
1149 2794 1220 2847 Cass.

147 2864 204 2915 140.
221 2860 254 2914 de
266 2859 335 2914 Orat.
348 2864 373 2925 2,
384 2865 426 2926 li,
441 2864 497 2915 196.
527 2861 589 2916 Sall.
601 2861 654 2929 lug.
706 2862 753 2915 bio
771 2866 813 2928 41,
832 2867 864 2918 26
887 2863 939 2916 und
960 2863 1027 2931 App.
1044 2865 1069 2928 b,
1088 2865 1120 2914 l'l
1145 2861 1221 2926 siebt,

144 2934 169 2996 9,
178 2934 208 2991 4;
222 2929 277 2982 also
286 2929 347 2982 kein
356 2930 476 2996 Zeugma.
486 2958 520 2968 -
529 2931 656 2982 adeunte
707 2929 823 2983 offenbar
840 2932 867 2984 in
879 2931 936 2984 eine
953 2933 1056 2998 spitere
1067 2929 1124 2981 Zeit
1135 2928 1220 2982 dieses

144 2999 349 3064 rempublicam,
367 2999 402 3049 im
420 2997 499 3051 Sinne
517 2997 563 3050 des
580 2997 661 3051 Pom-
706 2998 806 3052 dobree.
1094 3018 1096 3021 ’

144 3066 270 3133 peianers.
283 3067 476 3118 —addieebat
511 3065 655 3133 Derjenige,
740 3065 785 3121 1b.
800 3070 821 3117 1.
836 3065 941 3117 Cumso
955 3065 1085 3118 bitervon
1098 3065 1155 3118 dem
1167 3064 1221 3115 An-

144 3132 257 3186 welcber
285 3133 327 3186 die
355 3135 417 3187 iuris
446 3134 524 3187 dictio
554 3135 655 3199 ausdbt,
706 3133 848 3187 subtenden
860 3133 1008 3199 gebraucht.
1026 3132 1055 3186 B.
1066 3133 1095 3187 G.
1107 3138 1131 3199 5,
1140 3136 1221 3196 aet:

145 3200 569 3267 giebtdenstreiiendenParteien,
578 3203 656 3255 nacb-
707 3218 775 3268 quae
789 3217 849 3252 cum
863 3201 989 3267 dicerem
1001 3203 1103 3253 mmet.
1115 3231 1149 3240 -
1160 3216 1222 3252 cum

145 3268 203 3321 dem
215 3283 243 3320 er
254 3269 295 3321 die
308 3268 390 3322 Sacbe
402 3285 459 3322 zum
472 3269 587 3336 Spruche
598 3286 657 3322 vor·
706 3270 756 3322 bc
775 3271 857 3336 equit.
890 3267 960 3321 Uber
984 3285 1043 3320 eum
1064 3284 1085 3323 s.
1103 3269 1152 3322 den
1170 3269 1222 3321 An-

144 3336 255 3389 bereitet
280 3337 336 3401 bat,
366 3338 440 3390 einen
466 3337 570 3389 Richter
599 3338 658 3404 (dat
707 3338 776 3404 hang
796 3336 848 3389 und
866 3336 919 3402 vgl.
937 3353 970 3390 zu
990 3341 1012 3404 1,
1030 3341 1072 3403 41,
1090 3340 1114 3389 2.
1133 3366 1166 3376 -—
1184 3337 1222 3389 ad

145 3405 284 3469 iudicem);
314 3419 342 3457 er
367 3405 464 3472 spricbt
490 3404 589 3458 sodann
615 3404 657 3458 die
708 3421 788 3472 quam
806 3405 892 3456 dium
911 3405 951 3457 bis
968 3421 1000 3458 zu
1020 3406 1144 3458 welcbem
1157 3403 1222 3470 Tag,

144 3471 336 3538 Entscbeidung
353 3473 399 3525 des
410 3473 527 3526 Riehters
543 3473 582 3525 als
600 3473 657 3526 eine
708 3473 754 3527 aul
769 3472 896 3527 walchem
913 3472 984 3541 Tag,
1002 3475 1054 3527 wie
1071 3476 1087 3538 ξ
1105 3476 1120 3526 2
1138 3473 1175 3525 ad
1192 3473 1224 3523 id

146 3540 266 3593 amilicbe
283 3555 329 3592 aus
341 3541 419 3604 (dicit
432 3543 611 3605 eentmuiam);
630 3557 658 3594 er
708 3547 818 3610 tempus.
830 3540 896 3595 B.G.
908 3545 1005 3608 1,7,t:
1018 3543 1055 3595 ad
1062 3542 1126 3594 Idus
1134 3557 1224 3592 recer-

146 3608 245 3675 spricbt
262 3607 364 3661 eudlicb
381 3607 423 3660 die
440 3607 557 3676 streitige
575 3608 657 3662 Secbe
708 3615 811 3662 tantur.
829 3612 853 3676 2,
871 3613 896 3676 b,
913 3614 939 3663 1:
958 3611 995 3664 ad
1011 3611 1097 3673 diem,-
1115 3613 1139 3675 5,
1154 3613 1176 3674 l,
1190 3611 1221 3662 8:

146 3676 294 3744 derjenigen
312 3675 397 3729 Partei
416 3693 456 3743 zu,
473 3676 519 3729 der
536 3678 574 3730 sie
591 3678 658 3730 nach
709 3679 746 3731 ad
762 3682 862 3730 certam
880 3679 950 3730 dum
966 3696 991 3731 u.
1010 3683 1035 3732 b.

148 3743 205 3797 dem
223 3744 422 3813 Richtersprucb
445 3743 577 3797 zukommt
600 3746 659 3808 (aei-
743 3748 768 3799 2.
781 3749 934 3798 cauueuiret
944 3746 986 3798 bei
998 3746 1069 3798 einer
1077 3743 1222 3797 Versamm·

146 3813 231 3878 dieii).
250 3811 285 3867 So
297 3813 366 3866 lrann
379 3813 450 3866 scine
462 3811 659 3881 ganze'l'biatig-
709 3814 772 3881 lang
789 3813 931 3879 eintrell'en,
951 3829 1003 3867 von
1020 3815 1104 3867 einem
1121 3811 1222 3864 llinzel·

145 3880 200 3935 keit
217 3881 263 3935 mit
281 3881 330 3934 den
343 3881 397 3935 drei
409 3880 516 3934 werten
528 3881 571 3944 do,
589 3881 659 3948 dieo,
709 3897 759 3934 nen
775 3886 874 3948 gesagt.
904 3881 939 3934 So
951 3882 1017 3934 auch
1027 3881 1057 3933 B.
1067 3880 1095 3933 (i.
1107 3883 1131 3944 5,
1141 3881 1221 3947 bb,·ls;

146 3950 243 4002 addico
260 3950 411 4003 bezeichuet
429 3949 540 4003 werden.
574 3951 659 4002 Adai-
710 3953 734 4013 b,
754 3953 794 4015 37,
812 3953 836 4004 6.
