2626 4416
560 285 588 339 u
610 287 714 340 18-20.
1110 282 1171 343 119

105 466 167 544 ipse
183 460 334 524 Cordubae
349 468 514 522 conventus
528 477 583 539 per
596 478 629 521 se
643 459 743 538 portas
759 458 884 520 Varroni
899 459 1011 534 clausit,
1027 460 1173 522 custodias

105 548 273 627 vigiliasque
288 545 318 607 in
330 544 464 606 turribus
478 561 623 622 muroque
638 544 790 625 disposuit,
806 545 944 606 cohortes
954 563 985 619 u,
1001 562 1077 623 quae
1092 546 1172 607 colo·
1195 555 1211 605 4

107 634 188 694 nicae
203 629 436 710 appellabantur,
452 646 520 690 cum
535 647 571 689 eo
587 647 656 691 casu
670 629 835 704 venissent,
850 629 953 690 tuendi
969 628 1070 709 oppidi
1085 647 1174 693 eausa

104 717 182 796 apud
196 735 227 777 se
241 715 373 776 retinuit.
403 713 498 776 lsdem
514 712 618 776 diebus
634 713 856 788 Carmonenses,
873 731 947 793 quae
964 722 1008 776 est
1019 714 1108 794 longe
1122 717 1174 776 lir-
1196 724 1212 774 t

104 802 232 864 missima
247 800 338 861 totius
352 799 522 879 provinciae
537 798 646 874 civitas,
661 798 794 860 deductis
805 817 838 858 m
849 798 880 858 in
893 816 990 860 arcem
1006 799 1107 878 oppidi
1122 818 1172 861 co·

103 886 239 947 hortibus
255 903 271 945 a
286 884 419 944 Varrone
434 883 595 964 praesidio,
609 901 672 963 per
694 902 725 945 se
746 883 885 945 cohortes
907 883 993 944 eiecit
1014 893 1173 964 portasque

124 971 270 1033 raeclusit.

103 991 123 1052 p
190 1051 248 1120 20.
272 1055 337 1115 Hoc
358 1071 427 1114 vero
449 1053 543 1132 magis
564 1071 724 1135 properare
739 1052 847 1127 Vama,
870 1060 904 1113 ut
925 1070 993 1114 cum
1007 1052 1175 1133 legionibus

104 1159 193 1219 quam
208 1140 336 1219 primum
352 1137 438 1199 Gadis
452 1138 663 1213 contenderet,
686 1156 724 1200 ne
745 1137 853 1199 itinere
875 1146 924 1198 aut
939 1137 1062 1199 traiectu
1080 1139 1173 1200 inter·

105 1226 286 1286 cluderetur:
301 1232 382 1284 tanta
393 1241 427 1284 ac
437 1230 498 1284 mm
509 1224 639 1286 secunda
650 1224 681 1284 in
694 1222 846 1284 Gaesarem
857 1222 993 1284 voluntas
1003 1223 1174 1303 provinciae

104 1308 316 1390 reperiebatur.
345 1309 507 1388 Progressa
524 1308 549 1369 ei
572 1307 661 1387 paulo
682 1307 801 1387 longius
822 1307 936 1369 litterae
958 1307 1087 1370 Gadibus
1106 1309 1173 1370 red·
1196 1315 1211 1366 2

104 1394 421 1472 duntur,·simulatque
436 1394 474 1455 sit
489 1393 641 1472 cognitum
656 1394 692 1453 de
708 1392 803 1453 edicto
819 1392 964 1467 Caesaris,
987 1394 1173 1456 consensisse

104 1479 263 1540 Gaditanos
277 1478 428 1558 principes
442 1496 511 1539 eum
529 1476 657 1539 tribunis
672 1477 851 1553 cohortium,
875 1496 950 1558 quae
972 1487 1072 1540 essent
1085 1477 1127 1539 ibi
1141 1479 1173 1540 in

68 1607 71 1611 ,
103 1564 258 1644 praesidio,
274 1571 308 1624 ut
318 1562 485 1623 Gallonium
496 1581 532 1624 ex
543 1563 652 1643 oppido
665 1562 855 1642 expellerent,
870 1562 975 1623 urbem
989 1563 1174 1643 insulamque

108 1648 224 1709 Caesari
239 1654 399 1710 servarent.
429 1647 494 1708 Hoc
508 1648 582 1708 inito
597 1647 721 1709 consilio
737 1647 955 1709 denuntiavisse
969 1646 1120 1722 Gallonio,
1143 1655 1176 1710 ut
1197 1656 1212 1706 3

106 1751 159 1794 sua
172 1740 294 1812 sponte,
318 1732 389 1793 dum
402 1731 468 1792 sine
482 1733 615 1811 periculo
630 1732 750 1806 liceret,
769 1731 925 1793 excederet
940 1731 1083 1806 Gadibus,
1105 1732 1130 1793 si
1145 1732 1175 1792 id

106 1837 167 1879 non
183 1817 309 1890 lecisset,
325 1814 381 1878 sibi
394 1816 552 1878 consilium
566 1826 714 1896 capturos.
744 1816 808 1878 Hoc
819 1817 924 1877 timore
940 1816 1098 1878 adductum
1110 1817 1177 1878 Gal·
1198 1827 1214 1876 ι

104 1902 219 1964 lonium
234 1900 363 1962 Gadibus
385 1901 552 1963 excessisse.
582 1902 635 1964 His
657 1901 783 1979 cognitis
797 1900 888 1962 rebus
903 1900 993 1962 altera
1010 1919 1046 1961 ex
1061 1901 1174 1963 duabus

104 1986 286 2066 legionibus,
303 2002 378 2065 quae
391 1985 549 2047 vernacula
563 1985 778 2066 appellabatur,
801 2003 838 2046 ex
853 1986 956 2047 castris
970 1985 1111 2048 Varronis
1124 1987 1174 2048 ad-

106 2079 201 2132 stante
217 2080 246 2133 et
261 2071 444 2150 inspectante
459 2071 523 2151 ipso
539 2071 623 2152 signa
637 2070 754 2133 sustulit
769 2089 892 2150 seseque
904 2070 1048 2149 Hispalim
1063 2071 1175 2152 recepit

140 2189 163 2240 3.
176 2191 334 2238 concentus:
353 2190 460 2252 1,14‚5.
473 2190 616 2240 -colant‘·
665 2216 700 2224 —
713 2201 773 2238 cunt
791 2189 907 2238 tribunis
923 2188 1083 2239 cohortium.
1111 2185 1176 2238 Jede

105 2271 166 2306 cae:
183 2270 228 2307 aus
246 2254 390 2308 simischen
401 2254 544 2309 Kolonieen
556 2271 614 2308 aas·
665 2253 841 2322 Legionbatte
851 2257 866 2308 6
876 2253 1113 2306 tribunimilitum.
1128 2253 1176 2306 Mit
1205 2265 1206 2269 ’

105 2322 230 2389 gebaben.
453 2363 461 2380 .
665 2322 761 2375 diesem
782 2322 857 2374 Arate
879 2322 1015 2389 hegennen
1037 2323 1176 2375 vomehme

139 2395 161 2442 5.
173 2390 369 2455 Carmonenses,
381 2395 498 2456 quaeest
510 2393 612 2442 civitae.
661 2392 744 2457 junge
755 2390 834 2452 Leute
851 2390 905 2442 ihre
923 2391 1089 2443 militdriscbe
1100 2389 1176 2443 Laus·

108 2461 218 2523 1,18,1:
232 2458 613 2524 Sulmoneneea,quodeetop·
664 2458 740 2510 bahn.
775 2457 804 2511 B.
817 2458 847 2510 G.
863 2463 883 2523 l,
898 2461 939 2511 39.
952 2460 976 2512 2.
1012 2457 1069 2510 Van
1087 2458 1175 2511 diesen

101 2527 204 2591 pidum.
230 2526 280 2577 llas
294 2525 370 2579 Verb.
387 2529 465 2576 eiecit
482 2526 516 2578 ist
533 2540 613 2591 unge·
664 2540 751 2578 waren
774 2526 858 2592 einige
879 2527 925 2577 mit
942 2526 992 2578 den
1011 2528 1026 2579 6
1044 2524 1175 2578 Koborten

104 2593 262 2645 wdbnlicber
274 2592 360 2645 Weise
377 2593 422 2644 auf
432 2593 478 2645 das
490 2594 614 2645 nunichst
664 2594 729 2645 nach
738 2592 822 2645 Gades
831 2593 992 2659 gelrommen.
1004 2592 1063 2658 Vgl.
1071 2594 1142 2657 cit,
1152 2597 1175 2644 1.

105 2660 226 2711 stebende
249 2659 347 2712 Nomen
374 2659 420 2712 des
446 2660 612 2712 erldirenden
667 2661 781 2714 Tribuni
798 2663 947 2712 eobartiurn
971 2659 1022 2725 gab
1044 2675 1073 2712 es
1096 2660 1174 2713 nieht.
1281 2682 1303 2713 .··

104 2726 323 2779 Zwischensatzes
340 2729 462 2793 beregen.
494 2726 614 2794 lliufiger
697 2733 721 2783 4.
732 2730 1064 2793 boabmme=buiuerei
1072 2730 1175 2780 timore.
1192 2768 1199 2794 ,
1224 2720 1270 2777 .-ν·’

103 2794 138 2846 ist
161 2794 215 2846 dies
238 2794 292 2847 und
313 2794 421 2848 leichter
442 2810 474 2848 nn
496 2794 613 2848 erlrliren
665 2796 700 2849 So
717 2796 783 2848 wird
801 2797 847 2848 das
869 2796 915 2848 aul
930 2796 971 2848 ein
988 2796 1186 2862 rorbergebeu-'
1205 2797 1220 2853 ‘s

103 2863 145 2915 bei
158 2878 238 2928 quant
249 2862 301 2915 und
313 2866 375 2922 nisi,
389 2878 466 2915 wenn
477 2863 525 2915 mit
536 2863 613 2915 ihnen
665 2864 710 2918 des
728 2863 826 2917 Nomen
844 2862 1020 2916 binweisende
1037 2862 1113 2916 Pron.
1133 2863 1176 2915 de·

103 2946 161 2982 zum
171 2929 282 2996 SubJelrt
294 2931 335 2983 ein
347 2931 454 2984 anderes
464 2930 615 2983 Substantiv
664 2936 770 2986 monstr.
793 2932 855 2985 oder
878 2933 966 2997 relat,
990 2930 1036 2983 das
1059 2931 1094 2982 im
1113 2931 1175 2986 Gen.

103 2999 194 3064 gefdgt
211 2998 284 3065 wird,
301 2999 352 3051 wie
371 2999 422 3051 Gic.
435 2999 467 3051 de
479 2998 522 3052 oli.
537 3004 560 3063 l,
573 3001 614 3064 2³,
665 3000 759 3053 obieet.
778 3000 868 3052 stehen
886 2999 977 3063 sollte,
999 2999 1037 3051 oft
1054 3000 1100 3051 mit
1118 2999 1176 3052 dem

103 3068 149 3119 80:
169 3067 266 3118 bellurn
283 3072 372 3118 autam
389 3070 429 3117 ita
440 3069 614 3133 succipiatur,
666 3066 861 3120 substantivum
889 3067 916 3119 in
944 3067 1069 3133 gleicbem
1097 3066 1175 3120 Casus

102 3138 133 3184 ut
154 3136 225 3186 nibil
241 3136 320 3187 aliud
344 3138 399 3186 nui
412 3151 472 3200 pan
492 3137 614 3201 quaesita
665 3135 821 3188 verbunden.
837 3135 863 3187 S.
872 3134 900 3187 B.
911 3134 939 3187 G.
949 3138 976 3198 4,
987 3137 1011 3197 6,
1021 3139 1051 3197 4;
1062 3140 1086 3202 5,
1097 3138 1136 3201 to,
1147 3137 1174 3194 2;

101 3202 233 3267 uideatur,
245 3203 359 3268 tiv.9,8,
368 3207 395 3256 5:
409 3206 613 3270 necquicquam
665 3206 689 3266 7,
701 3204 743 3267 26,
753 3207 776 3256 5.
793 3232 827 3242 —
838 3219 907 3282 puae
923 3205 1069 3256 vernacaata
1087 3205 1175 3270 appel-

101 3277 612 3406 tt.⁰titui⁶tit²uittuttt
664 3270 1176 3407 tl⁰ltn.lli.¹‘tt¹.⁰,issllitt¹¹lil

103 3407 183 3468 aaa:
196 3405 612 3474 oadaicariaraaemperamnia
663 3407 867 3474 Bdrgerkriegen
890 3409 951 3462 aber
973 3406 1027 3474 flng
1049 3423 1108 3459 man
1134 3423 1174 3469 an,

101 3486 183 3537 quarn
200 3471 279 3522 ἀεσιω
295 3478 376 3538 atque
394 3476 531 3541 pudicitia
548 3474 613 3537 fuit.
664 3475 731 3528 auch
748 3491 794 3528 aus
806 3474 984 3528 Provincialen
995 3475 1127 3542 Legionen
1142 3489 1175 3525 au

102 3567 136 3579 -
148 3539 268 3590 deducitis
285 3541 438 3592 cohortibus
449 3568 484 3583 -
496 3544 614 3594 cobar·
663 3543 759 3596 bilden.
783 3542 859 3595 lliese
870 3543 976 3596 wurdem
989 3545 1107 3608 legiones
1118 3557 1176 3592 oer-

103 3612 151 3658 ier
173 3609 251 3658 cient
272 3608 362 3674 gebdrt
382 3609 476 3660 ander
496 3612 610 3675 1,eo,5
662 3612 777 3663 naculae
811 3615 914 3665 enannt.
949 3609 1035 3677 Vergl
1054 3610 1082 3662 B.
1101 3608 1175 3662 Alex.

101 3675 293 3743 besprochenen
311 3673 469 3728 Redewelse
664 3681 705 3743 53,
723 3681 753 3730 b:
817 3693 873 3729 erno
891 3681 960 3729 enim
979 3682 1029 3729 aut
1043 3681 1074 3728 in
1094 3691 1175 3742 pro·

135 3741 182 3798 2⁰.
197 3747 219 3795 l.
239 3749 313 3794 tanta
325 3759 358 3794 ac
370 3747 424 3794 mm
435 3744 568 3795 secunda:
581 3759 611 3797 so
662 3748 780 3797 vincia
794 3750 906 3810 natus,
922 3750 959 3796 ut
970 3744 1176 3796 vernaculae

103 3810 238 3876 allgemein
256 3811 307 3863 und
328 3827 357 3864 so
375 3811 539 3865 entscbieden
557 3826 613 3864 war
664 3814 813 3878 legionis
836 3814 949 3876 miles,
973 3817 1023 3862 aut
1038 3812 1175 3864 diuturni-

102 3877 479 3946 diellinneigungderProrina
489 3880 610 3934 audistis.
638 3895 642 3903 ’
664 3884 717 3932 iate
727 3882 783 3931 iarn
793 3878 884 3941 sactus
896 3881 1174 3947 provincialieu.s.w.

138 3949 161 3998 2.
179 3950 317 4012 cognitura
335 3948 381 4000 de:
406 3946 436 3999 B.
453 3947 482 4000 G.
501 3951 524 4012 l,
548 3952 568 4014 l,
588 3951 610 4002 l.
662 3977 697 3986 -
714 3950 887 4014 inspectante.
918 3945 969 4000 Das
984 3945 1060 3999 Verb.
1078 3946 1178 4001 kemmt
