2626 4416
573 231 600 283 ll.
619 234 694 284 3-6.
1108 228 1168 290 105

95 412 217 465 ventum
240 422 275 464 ex
295 414 384 483 portu
395 413 506 464 exeunt
517 413 546 464 et
560 403 738 477 Tauroenta
754 404 833 482 quod
845 413 890 465 est
901 405 1051 466 castellum
1068 404 1169 467 Massi·

97 489 243 562 liensium,
256 488 291 548 ad
302 489 453 550 Nasidium
468 489 646 569 perveniunt
660 489 760 567 ibique
776 507 864 550 naves
879 490 1040 569 expediunt
1051 508 1169 552 rursus-

97 592 155 652 que
170 593 202 634 se
217 574 252 633 ad
267 573 489 653 confligendum
510 575 609 634 animo
626 576 806 635 confirmant
819 583 849 634 ct
864 575 987 635 consilia
1002 576 1169 636 communi·

97 667 173 719 cant.
203 658 312 720 Dextra
327 678 396 739 pars
412 659 583 719 attribuitur
597 658 838 733 Massiliensibus,
854 659 973 720 sinistra
988 660 1116 721 Nasidio.

180 739 215 807 b.
239 744 352 805 Eodem
367 745 477 827 Brutus
499 744 653 804 contendit
674 752 760 804 aucto
782 745 899 805 navium
923 763 1059 806 numero.
1096 745 1169 806 Nam

95 830 210 902 adeas,
233 848 308 908 quac
323 830 416 889 iactae
432 838 517 889 erant
531 828 648 888 Arelate
663 847 718 908 per
732 828 900 903 Gaesarem,
924 831 1053 909 captivae
1068 829 1169 891 Massi·

94 913 234 1011 ljensium
249 922 433 975 accesserant
447 933 484 973 vr.
515 913 574 975 llas
585 912 789 993 superioribus
804 913 908 976 diebus
924 916 1067 975 refecerat
1081 923 1169 993 atque

95 999 236 1060 omnibus
259 999 348 1060 rebus
369 999 557 1060 instruxerat.
586 998 689 1077 ltaque
710 1017 779 1060 suos
795 1000 980 1074 cohortatus,
1003 1017 1079 1078 quos
1093 1000 1170 1061 inte·
1192 1013 1207 1063 2

95 1103 166 1163 gros
181 1084 414 1163 superavissent,
438 1093 471 1145 ut
484 1085 577 1145 victos
594 1093 836 1158 contemnerent,
859 1085 966 1164 plenus
988 1085 1050 1164 spei
1073 1084 1170 1145 bonae

95 1179 183 1247 atque
205 1169 294 1229 animi
317 1169 454 1230 adversus
476 1188 528 1230 eos
550 1169 757 1248 proficiscitur.
802 1169 898 1231 Facile
921 1179 984 1230 erat
1009 1189 1045 1230 ex
1067 1169 1170 1231 castris
1192 1183 1206 1233 1

96 1253 127 1315 C.
140 1253 272 1314 Treboni
282 1263 369 1332 atque
382 1255 521 1316 omnihus
531 1254 736 1334 superioribus
747 1255 820 1316 locis
830 1255 1000 1335 prospicere
1011 1255 1043 1315 in
1055 1256 1169 1329 urbem,

94 1347 128 1398 ut
139 1339 237 1400 omnis
248 1339 394 1413 iuventus,
406 1358 482 1418 quae
494 1339 525 1400 in
534 1340 643 1419 oppido
655 1350 846 1415 remanserat,
859 1358 1023 1418 omnesque
1034 1340 1170 1420 superio·

94 1424 135 1485 ris
149 1424 252 1485 aetatis
267 1443 335 1485 cum
350 1425 451 1485 liberis
466 1433 554 1503 atque
570 1425 713 1486 uxoribus
723 1435 772 1486 ant
783 1444 871 1486 muro
882 1427 918 1486 ad
934 1425 1049 1485 caelum
1064 1443 1171 1486 manus

94 1511 261 1583 tenderent,
277 1519 327 1570 aut
336 1510 446 1589 templa
462 1510 586 1570 deorum
601 1509 812 1571 immortalium
828 1511 943 1571 adirent
955 1519 984 1570 et
996 1518 1064 1570 ante
1079 1511 1170 1571 simu-

94 1595 173 1655 lacra
196 1594 322 1673 proiecti
342 1594 494 1655 victoriam
514 1595 550 1656 ab
574 1595 618 1655 dis
640 1604 845 1674 exposcerent.
882 1596 983 1674 Neque
1004 1604 1067 1655 erat
1089 1595 1169 1673 quis·
1190 1607 1206 1658 4

96 1698 184 1758 quam
200 1679 350 1753 omnium,
373 1680 444 1758 quin
462 1680 492 1740 in
509 1680 572 1741 eius
587 1680 644 1740 diei
660 1699 730 1742 casu
746 1700 867 1742 suarum
884 1681 1016 1740 omnium
1035 1681 1171 1740 fortuna·

94 1784 162 1825 rum
174 1774 313 1826 eventurn
325 1765 489 1826 consistere
500 1764 690 1826 existimaret.
716 1766 790 1826 Nam
802 1773 832 1825 et
843 1765 959 1826 honesti
972 1783 1007 1825 ex
1019 1765 1170 1825 iuventute
1192 1778 1207 1828 6

95 1859 125 1909 et
139 1851 284 1927 cuiusque
300 1850 401 1910 aetatis
416 1849 587 1927 amplissimi
602 1850 778 1911 nominatim
793 1850 905 1910 evocati
920 1860 1007 1927 atque
1026 1849 1171 1912 obsecrati

95 1935 177 1995 navis
192 1933 443 2008 conscenderant,
459 1942 506 2008 ut,
521 1933 546 1994 si
562 1934 632 2012 quid
648 1935 759 1997 adversi
775 1935 938 2008 accidisset,
954 1953 993 1995 ne
1008 1936 1041 1994 ad
1059 1954 1171 1995 conan-

95 2018 167 2079 dum
178 2018 299 2097 quidem
311 2018 366 2080 sibi
378 2019 537 2098 quicquam
549 2019 655 2097 reliqui
667 2021 730 2080 lore
740 2020 889 2095 viderent3
906 2019 931 2080 si
942 2020 1169 2099 superavissent,

95 2104 141 2164 vel
162 2103 332 2166 domesticis
355 2103 462 2184 opibus
482 2105 528 2165 vel
544 2104 673 2166 externis
688 2105 802 2168 auxiliis
819 2105 856 2166 de
879 2105 971 2166 salute
994 2105 1076 2166 urbis
1098 2123 1170 2165 con-

96 2189 230 2251 fiderent.
1197 2266 1198 2269 Ἴ

181 2272 216 2338 6.
240 2273 402 2336 Commisso
423 2274 536 2354 proelio
558 2273 788 2336 Massiliensibus
809 2293 858 2336 res
880 2275 961 2335 nulla
976 2275 1011 2334 ad
1033 2274 1170 2335 virtutem

129 2411 153 2461 5.
166 2407 494 2468 onimoeonfirmonte‘im
503 2407 606 2473 Geiste',
654 2410 810 2474 moestior
832 2412 920 2459 aetas:
943 2422 972 2460 so
996 2407 1093 2468 saltem
1117 2409 1170 2473 vgl.

94 2475 166 2528 nicht
183 2475 271 2528 ‘durch
288 2474 358 2529 hlut’.
392 2475 422 2530 B.
441 2476 469 2528 G.
488 2482 513 2541 5,
525 2480 567 2542 49,
580 2481 605 2529 4.
659 2475 738 2528 Varro
756 2477 789 2527 de
806 2491 827 2527 r.
845 2492 863 2527 r.
882 2478 1003 2540 1,10,1;
1022 2480 1111 2527 aetate
1127 2491 1170 2526 eu-

96 2541 131 2594 So
149 2546 238 2594 animo
252 2547 382 2609 paratum
399 2560 468 2608 esee,
485 2545 606 2608 deficere,
656 2548 789 2610 perteret,
812 2543 862 2595 den
882 2545 976 2609 praeite
999 2547 1170 2609 entgegenge·

95 2611 525 2676 permansuerunt-comitia
538 2629 607 2664 eom·
657 2616 732 2664 setzt.
758 2640 792 2649 —
816 2615 866 2661 out
886 2627 1016 2662 muro-
1034 2612 1172 2661 tenderent

95 2681 247 2742 manicaret,
277 2678 349 2729 nicht
366 2679 523 2744 ‘mitteilen',
547 2696 607 2733 son·
658 2678 720 2745 geht
738 2678 784 2730 aul
800 2678 841 2729 die
858 2681 990 2743 iuventus,
1008 2683 1057 2729 aot
1074 2680 1170 2744 templa

96 2743 158 2796 dem
171 2745 416 2810 ‘gemeinschaftlich
428 2746 548 2801 beraten'.
579 2747 606 2799 S.
657 2775 692 2784 -
703 2751 879 2812 exposcerent
889 2746 935 2797 111
945 2761 1034 2797 omncs
1049 2749 1170 2813 superto-

95 2811 125 2863 B.
135 2811 164 2864 G.
175 2815 282 2878 r,63,4:
294 2815 414 2863 11111111
424 2813 607 2879 belligerandi
656 2818 697 2865 rie
708 2817 806 2864 aetatis
818 2829 878 2864 cum
891 2815 935 2866 lib.
948 2818 1028 2880 atque
1045 2829 1094 2865 ure.
1120 2813 1170 2865 Iler

97 2883 280 2932 communicet.
657 2881 741 2934 blolse
759 2881 863 2932 Ablaliv
880 2897 957 2932 muro
975 2882 1026 2933 wie
1045 2897 1067 2935 c.
1088 2885 1128 2945 11,
1147 2887 1170 2934 1.

128 2948 157 3003 5.
179 2952 210 3002 l..
223 2949 315 3010 foetae
338 2953 417 2999 erum
432 2949 558 3000 Arelate.-
583 2952 606 3016 1,
692 2953 717 3002 4.
741 2965 821 3000 casu:
845 2948 958 3013 huslall,
981 2949 1113 3015 Ergebnis.
1136 2977 1170 2989 -

95 3019 136 3081 36,
148 3020 173 3068 4.
187 3033 279 3083 -per
292 3016 438 3082 Caesarem,
456 3016 505 3069 wie
517 3017 544 3069 in
561 3017 606 3069 der
658 3020 777 3068 omniurn
788 3017 963 3079 fortunarum
975 3022 1111 3068 eventum:
1128 3017 1169 3068 die

94 3084 264 3150 angeldhrten
291 3083 372 3136 Stellc
397 3101 479 3136 novoe
511 3086 607 3151 longae
657 3084 850 3151 Entschcidnng
884 3085 947 3136 uber
982 3085 1036 3136 sein
1076 3099 1169 3151 ganzes

93 3151 358 3212 focereimtituit:
375 3152 421 3204 aul
431 3154 501 3206 scine
512 3153 606 3206 Veran·
659 3152 801 3216 Schicksal,
819 3153 890 3204 scine
907 3151 1038 3206 Existenz.

93 3220 208 3287 lassung,
225 3237 292 3288 quoa
303 3221 444 3282 faciendae
455 3227 605 3274 marcuerat.
692 3225 716 3274 5.
734 3223 840 3272 honesti
857 3238 892 3272 eo·
908 3223 1055 3285 iuventute,
1073 3221 1123 3274 wie
1148 3226 1168 3285 l,

94 3314 128 3325 —
141 3292 264 3354 captivae
274 3303 314 3341 v1:
334 3294 356 3352 1,
369 3293 411 3354 58,
425 3293 448 3342 4.
480 3290 606 3356 Captivos
658 3289 1168 3353 5111111111111(111(ω.-11-

95 3356 160 3407 auch
185 3371 235 3409 von
254 3356 353 3409 Sachen
378 3357 530 3422 gebraucht,
554 3359 605 3410 wie
655 3359 782 3424 plissimo',
807 3357 849 3409 die
866 3357 1093 3477 hngcsehensten,
1117 3374 1168 3409 von

94 3423 148 3474 Liv.
169 3426 209 3488 10,
227 3427 447 3490 1111111111,
465 3428 543 3491 141,
559 3430 603 3478 15:
657 3426 702 3477 der
720 3424 839 3492 Stellung
856 3426 890 3477 im
923 3430 1001 3479 teate.
1018 3455 1053 3463 -
1071 3441 1168 3477 conan-

94 3507 179 3556 orma,
199 3495 222 3558 1,
235 3493 276 3555 53,
289 3495 317 3543 3:
332 3496 457 3559 pecunie,
475 3496 556 3560 148,
575 3497 604 3547 2:
657 3495 721 3544 dum
737 3494 840 3546 absolut
857 3494 1022 3560 wice.6,1;
1043 3497 1084 3559 60,
1099 3498 1124 3554 1;
1146 3497 1167 3557 1,

94 3561 218 3625 captivus
235 3575 309 3624 ager.
657 3564 732 3627 64,4:
743 3563 988 3614 eonoudumtomeo
1000 3564 1168 3627 11111φηί11-

128 3631 151 3680 3.
170 3627 311 3687 ut=wie3
323 3626 353 3678 B.
363 3627 392 3678 G.
404 3631 426 3692 t,
435 3629 478 3692 43,
489 3630 517 3679 7:
529 3628 605 3679 dooe-
658 3629 721 3680 dum
744 3631 850 3681 iudicat
871 3630 936 3682 wird
960 3629 1003 3681 die
1020 3628 1168 3694 Beriehnng

93 3695 605 3760 1111,-111111111111,·1111114611
657 3695 736 3749 durch
748 3697 795 3749 das
806 3696 1017 3763 vorhergehende
1032 3701 1082 3747 etei
1093 3698 1168 3746 time-

88 3768 266 3830 poeteequem
284 3764 382 3814 elotum
401 3767 446 3827 eet,
464 3790 496 3800 -
515 3780 546 3815 eo
563 3781 607 3815 ree
658 3767 824 3817 helchiam
841 3766 965 3831 gegeben.

94 3833 258 3898 colloquium
279 3836 312 3883 ut
334 3831 490 3882 diremisset.
507 3860 542 3870 -
563 3848 607 3884 eu·
686 3832 719 3888 6.
747 3837 768 3886 1.
793 3833 935 3886 Commisso
957 3831 1060 3897 proelio
1084 3830 1167 3881 nicht:

89 3903 185 3964 perior·
209 3905 299 3952 oetoe:
323 3900 369 3953 das
392 3899 503 3952 ‘hdhere'
527 3899 607 3965 Alter,
658 3899 751 3953 alsdie
765 3900 887 3954 Schlacht
902 3899 1091 3965 gelielertwer,
1109 3913 1168 3952 son·
