2626 4416
136 247 187 307 74>
535 249 576 302 ou
595 248 696 302 numo
715 246 809 314 qum

134 425 289 493 liranium
310 444 495 506 magnaeque
521 424 733 504 gratulationes
755 423 880 498 fiebant;
909 423 995 484 multi
1017 440 1053 483 ex
1075 423 1159 484 ltalia
1182 425 1220 485 ad

135 512 379 592 GmPompeium
393 510 669 590 proficiscebantur,
685 509 742 583 alii,
758 517 791 569 ut
804 509 956 589 principes
970 508 1060 569 talem
1075 509 1220 570 nuntium

135 599 283 672 attulisse,
307 597 370 669 alii,
394 615 433 656 ne
449 603 585 656 eventum
600 595 669 655 belli
687 605 872 673 exspectasse
887 605 937 654 aut
952 612 988 654 ex
1003 592 1144 655 omnibus
1160 614 1219 655 no·

134 684 245 745 vissimi
259 682 376 742 venisse
389 681 570 741 viderentur.

219 765 277 832 54.
302 766 375 827 Cum
396 766 428 826 in
450 766 496 825 bis
517 765 661 844 angustiis
683 783 731 825 res
754 772 846 837 esset,
869 772 957 842 atque
980 782 1084 825 omnes
1099 764 1164 825 viae
1181 764 1218 825 ab

134 853 303 914 Afranianis
317 851 459 912 militibus
475 849 683 929 equitibusque
699 848 922 922 obsiderentur,
946 867 1003 909 nec
1023 857 1132 928 pontes
1146 868 1219 928 per-

136 939 183 1000 fici
198 945 329 1018 possent,
345 937 471 1015 imperat
487 935 608 1008 Caesar,
627 943 660 994 ut
676 953 765 994 naves
778 933 897 1007 faciant,
914 933 998 994 euius
1012 934 1132 1012 generis
1147 954 1219 996 eum

99 1033 115 1083 2
136 1022 339 1103 superioribus
354 1021 441 1082 annis
455 1039 527 1082 usus
544 1019 715 1080 Britanniae
731 1019 880 1079 docuerat.
917 1018 1040 1080 Carinae
1064 1037 1097 1080 ac
1120 1020 1219 1098 prima

136 1108 295 1170 statumina
310 1107 365 1167 levi
379 1107 502 1166 materia
516 1105 641 1179 fiebant;
664 1103 811 1182 reliquum
832 1122 943 1183 corpus
958 1103 1077 1164 navium
1098 1105 1219 1167 vimini-

98 1203 114 1252 3
135 1193 192 1255 bus
209 1199 382 1254 contextum
397 1191 487 1251 coriis
508 1189 705 1269 integebatur.
743 1189 803 1250 llas
823 1190 971 1268 perfectas
993 1189 1085 1250 carris
1107 1189 1219 1252 iunctis

135 1278 251 1339 devebit
266 1284 357 1337 noctu
373 1275 452 1335 milia
467 1294 607 1354 passuum
622 1293 638 1334 a
654 1275 757 1335 castris
771 1293 831 1335 xxn
845 1275 1012 1353 militesque
1026 1275 1073 1336 his
1092 1275 1218 1337 navibus

135 1364 246 1422 flumen
261 1368 444 1440 transportat
459 1361 723 1438 continentemque
738 1360 820 1438 ripae
832 1360 939 1420 collem
953 1360 1113 1438 improviso
1125 1378 1217 1421 oocu-

99 1457 115 1507 4
136 1457 196 1526 pat.
226 1446 314 1506 Hunc
329 1444 474 1519 celeriter,
490 1445 662 1524 priusquam
673 1444 709 1504 ab
721 1445 895 1506 adversariis
910 1445 1065 1519 sentiatur,
1081 1459 1216 1506 commu-

138 1531 190 1591 nit.
221 1530 286 1592 Huc
301 1530 449 1610 legionem
463 1537 566 1609 postea
580 1529 677 1589 traicit
692 1537 780 1608 atque
802 1548 838 1590 ex
849 1537 975 1607 utraque
990 1538 1075 1608 parte
1090 1539 1217 1608 pontem

99 1626 114 1675 5
136 1616 277 1690 instituit,
301 1615 390 1676 biduo
413 1615 538 1694 perlicit.
574 1615 618 1675 lta
640 1622 822 1674 commeatus
846 1614 940 1693 etqui
962 1615 1104 1675 frumenti
1127 1633 1217 1677 causa

136 1712 343 1781 processerant
364 1709 429 1760 tuto
452 1701 488 1760 ad
511 1718 542 1759 se
564 1699 672 1778 recipit
694 1707 724 1759 et
745 1718 808 1760 rem
830 1700 1054 1760 frumentariam
1075 1701 1217 1778 expedire

135 1787 195 1847 inci
218 1786 249 1846 it.

197 1806 277 1936 pbb.
301 1869 413 1930 Eodem
435 1868 482 1929 die
504 1868 638 1948 equitum
661 1888 798 1948 magnam
820 1878 935 1948 partem
955 1869 1067 1930 flumen
1090 1869 1216 1930 traiecit.

136 1956 194 2027 Qui
205 1955 389 2034 inopinantis
400 1953 591 2033 pabulatores
603 1963 631 2014 et
643 1954 708 2015 sine
718 1955 780 2014 ullo
793 1954 948 2034 dissipatos
963 1955 1069 2015 timore
1085 1955 1217 2034 aggressi

97 2048 113 2098 2
134 2059 275 2120 magnum
291 2058 450 2100 numerum
464 2038 666 2105 iumentorum
681 2047 769 2118 atque
784 2040 938 2100 hominum
954 2039 1149 2117 intercipiunt
1163 2058 1215 2102 co·

135 2125 332 2203 hortibusque
348 2124 467 2185 cetratis
482 2118 619 2185 subsidio
635 2124 732 2185 missis
754 2124 884 2185 scienter
898 2124 930 2185 in
945 2125 1017 2185 duas
1036 2132 1136 2202 partes
1150 2143 1217 2187 sese

136 2208 333 2283 distribuunt,
352 2209 400 2268 alii
415 2219 449 2267 ut
462 2209 588 2287 praedae
602 2209 749 2288 praesidio
769 2209 838 2284 sint,
854 2209 903 2270 alii
917 2219 952 2271 ut
965 2209 1153 2271 venientibus
1168 2229 1217 2271 re-

98 2301 114 2351 3
136 2293 242 2356 sistant
261 2302 348 2371 atque
364 2311 416 2353 eos
439 2293 620 2371 propellant,
644 2312 793 2372 unamque
815 2295 982 2369 cohortem,
1006 2312 1082 2373 quae
1103 2302 1217 2356 temere

136 2388 205 2440 ante
215 2386 329 2439 ceteras
341 2387 422 2437 extra
434 2377 527 2437 aciem
538 2386 737 2456 procurrunt,
749 2378 893 2440 seclusam
905 2380 940 2440 ab
953 2379 1075 2457 reliquis
1086 2379 1216 2441 circum·

135 2464 259 2523 veniunt
269 2473 356 2541 atque
368 2461 552 2523 interficiunt
562 2463 786 2541 incolumesque
792 2482 859 2524 cum
872 2483 979 2544 magna
989 2464 1100 2542 praeda
1110 2465 1217 2527 eodem

136 2557 228 2627 ponte
244 2549 275 2608 in
292 2556 388 2608 castra
402 2554 602 2608 revertuntur.

219 2628 277 2696 56.
294 2632 371 2693 Dum
386 2633 459 2693 liaeo
475 2633 512 2692 ad
526 2632 652 2694 Ilerdam
667 2641 823 2711 geruntur,
839 2633 1036 2695 Massilienses
1050 2633 1096 2694 usi
1109 2633 1142 2695 L.
1155 2635 1216 2696 Do-

168 2763 215 2820 64.
246 2768 268 2817 1.
298 2757 435 2816 militibus
458 2767 649 2831 equitibusque,
700 2765 788 2832 tig,so
803 2763 1216 2820 konnenbierrtatumiuanicbt

135 2833 186 2886 wie
195 2835 219 2897 3,
229 2836 270 2899 41,
281 2835 306 2899 2,
316 2832 432 2885 derselbe
443 2832 586 2898 Gegeneatz
599 2834 650 2885 wie
700 2833 809 2901 llippen,
823 2839 923 2899 ,coetae
941 2832 992 2884 ‘die
1003 2832 1137 2886 brummen
1155 2835 1215 2888 llor-

135 2905 158 2966 3,
172 2905 213 2967 38,
227 2904 255 2954 2:
270 2906 404 2953 accercitus
413 2903 606 2967 equitatumque.
616 2929 651 2941 -
700 2902 753 2968 uer,
770 2916 803 2952 an
815 2900 904 2975 ‘denen
916 2901 958 2952 die
972 2899 1159 2956 Seitenbreuer
1171 2904 1215 2956 be·

134 2974 212 3022 cuiue
218 2973 368 3035 geueris=
382 2973 439 3020 eiua
447 2970 650 3035 genitaeque,
701 2970 791 3037 lestigt
807 2968 927 3034 fierden',
944 2968 1081 3022 bedenten.

135 3039 185 3089 wie
199 3041 223 3104 3,
237 3042 276 3101 15,
290 3042 319 3091 6:
339 3053 397 3089 cum
410 3042 496 3088 esseut
512 3040 651 3104 inquibus
734 3040 760 3090 3.
771 3036 985 3104 οηίζῖὰραεεαιιπι
996 3053 1013 3087 a
1023 3042 1121 3090 austris
1131 3039 1214 3101 XXII,

135 3107 317 3157 demonstravi
325 3107 650 3170 ongmiiu.-uuceBri-
702 3105 748 3158 dee
764 3104 854 3170 raelaia
872 3104 1008 3171 Segrouler
1031 3106 1163 3160 auluirts.
1181 3136 1214 3145 -

136 3176 249 3224 tauuiae
261 3173 377 3239 oigentl:
391 3173 432 3224 die
444 3173 592 3226 Britannien
604 3189 649 3226 an·
700 3176 879 3229 mittentem
891 3177 967 3239 ripae
981 3197 1015 3218 =
1030 3177 1215 3227 cohaerentem

135 3240 266 3306 gehdrige
287 3240 329 3292 die
346 3240 404 3292 dort
416 3242 550 3306 gemachte
561 3242 650 3294 Erlab-
701 3257 761 3293 eoem
778 3244 849 3306 aipu.

137 3323 209 3373 rung.
240 3307 266 3359 S·
279 3323 309 3359 zu
325 3312 347 3371 t,
360 3312 385 3373 4,
404 3312 427 3359 t.
458 3308 649 3375 lsidorusorigt
733 3308 779 3363 bb.
808 3311 830 3360 1.
857 3311 1034 3374 inopinatum.
1075 3309 1110 3362 So
1138 3309 1216 3363 (lisar

139 3378 178 3437 19,
199 3379 226 3427 1:
246 3375 374 3441 Canobus,
387 3390 477 3442 parua
490 3379 597 3442 scopha,
616 3393 651 3428 eu
700 3377 797 3440 immet,
820 3377 863 3428 nie
881 3381 1052 3443 necopinum,
1070 3380 1215 3444 necopina·

136 3445 235 3493 uimine
246 3442 330 3508 facta,
348 3459 417 3507 quae
428 3449 555 3496 contemta
567 3445 650 3496 cnido
702 3450 751 3505 tua,
780 3444 811 3495 da
835 3461 862 3497 er
878 3461 928 3496 nee
945 3461 992 3497 vor
1009 3445 1126 3498 Vokalen
1143 3445 1215 3497 nicbt

137 3513 211 3562 corio
227 3525 314 3575 genus
331 3514 438 3576 nauigii
450 3515 570 3577 mactet.
700 3512 816 3564 braneht.
833 3541 868 3551 -
890 3514 1034 3580 dissipatos
1049 3514 1075 3564 in
1093 3513 1216 3566 medialer

171 3583 194 3631 2.
209 3581 302 3644 prima
319 3582 482 3630 statumina:
505 3580 546 3631 die
564 3585 649 3632 ersten
701 3580 860 3647 Bedeutung.
894 3580 923 3633 Β.
936 3582 966 3635 G.
980 3586 1004 3647 8,
1017 3585 1040 3647 t,
1053 3585 1082 3634 3:
1101 3583 1217 3648 dispersi

131 3644 647 3717 liuterlagenfflnterzdgeivitruv.l,l,l
701 3650 868 3716 dissipantem
885 3652 915 3700 iu
935 3650 1067 3713 finitimus
1085 3652 1215 3702 ciuitates.

136 3729 188 3768 von
213 3715 258 3767 der
275 3714 414 3781 Unterlage
437 3715 508 3767 eines
526 3715 648 3777 Estriehst
736 3720 758 3770 3.
779 3719 868 3769 eodem
881 3723 979 3784 ponte:
997 3734 1018 3771 e.
1037 3721 1079 3782 111,
1099 3722 1121 3770 1.

137 3781 244 3835 lauden
256 3782 344 3835 Boden
363 3783 409 3835 der
421 3781 524 3848 Sebille,
542 3783 587 3835 der
604 3798 650 3836 aus
734 3785 782 3841 bii.
814 3789 835 3837 1.
864 3785 1001 3838 Rdckkebr
1023 3801 1055 3838 zu
1078 3785 1123 3838 der
1140 3802 1162 3838 e.
1180 3788 1214 3839 311

138 3848 485 3918 Weidengeileehtbestand.
509 3851 546 3903 lst
557 3855 650 3918 primu
701 3853 913 3919 abgebrochenen
933 3854 1078 3920 Erziblung
1100 3869 1153 3906 von
1170 3853 1216 3906 der

139 3920 179 3983 (so
191 3918 338 3988 Nipperdey
351 3919 391 3972 liar
403 3935 435 3971 ae
442 3923 573 3987 primum)
584 3920 650 3972 ricli-
701 3920 863 3989 Belagerung
880 3921 1015 3975 Massiliae
1034 3951 1067 3960 -
1083 3924 1135 3975 usi.
1163 3921 1215 3976 llas
