2626 4416
557 231 596 286 lu
615 233 724 287 20-22.
1116 226 1176 290 163

103 406 270 469 contionari
286 413 444 467 conantem
459 405 497 466 de
511 405 615 467 rostris
630 404 759 466 deduxit.
786 403 838 464 llle
853 404 1016 482 ignominia
1031 411 1061 464 et
1075 405 1177 466 dolore
1199 417 1215 467 t

103 499 255 573 permotus
269 491 365 571 palam
381 510 413 552 se
430 489 579 570 proticisci
602 490 637 550 ad
654 489 809 551 Caesarem
824 489 983 566 simulavit3
1005 490 1081 550 clam
1096 508 1176 550 nun-

102 577 151 639 tiis
165 578 200 638 ad
210 576 352 637 Milonem
366 575 474 649 missis,
490 575 541 654 qui
554 574 655 636 Clodio
666 574 823 636 interfecto
835 593 871 636 eo
883 575 1004 636 nomine
1017 583 1080 636 erat
1094 575 1176 636 dam-

102 672 197 737 natus,
213 669 301 741 atque
317 681 352 722 eo
368 662 399 721 in
414 660 528 721 ltaliam
543 666 673 734 evocato,
689 659 767 738 quod
783 661 898 739 magnis
912 659 1088 721 muneribus
1102 660 1178 721 datis

101 747 289 828 gladiatoriae
303 745 430 806 familiae
446 744 586 822 reliquias
601 744 741 820 habebat,
764 742 820 805 sibi
836 746 990 807 coniunxit
1004 754 1092 824 atque
1107 763 1177 805 eum

100 834 131 894 in
148 831 317 892 Thurinum
331 830 367 890 ad
382 829 584 890 sollicitandos
598 840 731 909 pastores
745 830 905 908 praemisit.
934 831 1002 910 lpse
1017 848 1084 890 cum
1097 829 1177 892 Casi-
1199 841 1215 892 5

98 918 194 979 linum
208 915 352 989 venisset,
376 933 497 993 unoque
518 921 651 994 tempore
666 914 750 993 signa
765 914 829 976 eius
842 915 979 976 militaria
993 923 1080 994 atque
1096 934 1178 976 arma

101 1003 218 1081 Capuae
234 1007 333 1061 essent
355 1017 529 1079 comprensa
552 1008 579 1060 et
602 999 710 1060 familia
724 999 847 1078 Neapoli
861 1000 963 1074 missa,
986 1018 1061 1078 quae
1076 1000 1177 1079 prodi-

100 1088 214 1148 tionem
236 1084 336 1164 oppidi
358 1092 529 1164 appararet,
552 1085 704 1162 patefactis
726 1085 858 1146 consiliis
880 1086 1016 1146 exclusus
1031 1084 1129 1164 Capua
1149 1092 1178 1145 et

101 1170 267 1251 periculum
278 1169 397 1244 veritus,
411 1169 492 1248 quod
503 1176 668 1231 conventus
681 1187 761 1230 arma
773 1178 893 1249 ceperat
904 1179 993 1250 atque
1005 1188 1074 1230 eum
1083 1169 1178 1230 hostis

100 1257 167 1317 loco
182 1255 351 1316 babendum
364 1253 557 1329 existimabat,
574 1255 698 1316 consilio
710 1254 821 1316 destitit
836 1264 924 1334 atque
940 1274 976 1315 eo
991 1254 1098 1316 itinere
1113 1272 1178 1315 sese

102 1340 214 1402 avertit.

186 1420 242 1489 22.
265 1424 389 1485 interim
411 1424 481 1486 llilo
508 1424 636 1486 dimissis
662 1425 775 1485 circum
800 1423 962 1503 municipia
987 1423 1106 1498 litteris,
1134 1442 1177 1499 ea,

105 1529 180 1590 quae
194 1511 320 1582 faceret,
338 1509 421 1571 iussu
437 1519 525 1588 atque
540 1509 666 1589 imperio
681 1511 778 1570 lacere
793 1509 929 1588 Pompei,
954 1526 1029 1587 quae
1044 1507 1179 1569 mandata

103 1596 139 1656 ad
155 1613 187 1655 se
203 1612 257 1674 per
272 1592 433 1654 Vibullium
448 1593 544 1655 delata
564 1603 680 1669 essent,
702 1613 777 1673 quos
798 1612 834 1654 ex
849 1611 916 1654 aere
932 1593 1028 1654 alieno
1043 1592 1179 1654 laborare

101 1678 309 1752 arbitrabatur,
328 1679 510 1740 sollieitabat.
541 1679 626 1759 Apud
644 1698 719 1758 quos
735 1698 802 1741 cum
817 1680 963 1759 proficere
979 1677 1053 1739 nibil
1067 1685 1177 1757 posset,
1202 1689 1217 1740 t

101 1764 278 1845 quibusdam
298 1764 404 1826 solutis
424 1765 578 1843 ergastulis
594 1765 698 1827 Cosam
718 1764 749 1825 in
765 1782 836 1842 agro
853 1763 987 1824 Thurino
1004 1781 1179 1842 oppugnare

135 1936 160 1984 4.
173 1932 210 1982 ad
218 1931 352 1982 Milonem.
371 1929 465 1997 Cilica,
478 1930 522 1982 der
534 1930 615 1982 sehon
664 1932 821 1980 venireet-
833 1945 991 1996 oppugnare
1002 1932 1123 1981 instituit
1138 1931 1180 1981 id-

99 2000 142 2050 bei
166 1999 223 2050 dem
241 1998 366 2050 Prozesse
390 2013 472 2064 gegen
490 1996 551 2050 Milo
576 1998 614 2050 als
665 2014 717 2064 qua
735 1999 815 2049 biduo
829 1998 1051 2050 circumvallavit.
1070 2027 1104 2036 -
1120 2014 1178 2049 mu-

100 2066 271 2119 Volkstribun
290 2066 331 2117 lin
348 2065 392 2117 ibn
406 2065 491 2117 Partei
510 2081 614 2133 genom-
664 2068 791 2117 nuilus:
815 2065 1074 2134 Gladiatorenspiele,
1093 2065 1133 2118 die
1151 2081 1179 2118 er

100 2150 160 2187 men
177 2135 261 2198 batte,
283 2133 403 2186 wendete
420 2134 475 2186 sich
493 2149 525 2185 an
543 2133 613 2199 Milo,
664 2150 711 2186 vor
727 2134 812 2186 seiuer
827 2133 999 2201 Verbannung
1016 2134 1075 2186 dem
1094 2133 1176 2186 Volke

101 2202 146 2255 der
157 2201 499 2268 nacbseinerVerbannnng
510 2203 536 2254 in
546 2200 613 2255 Mas·
664 2203 781 2270 gegeben
799 2202 850 2254 und
868 2219 900 2254 zu
916 2202 999 2254 denen
1018 2218 1045 2254 er
1063 2202 1103 2254 die
1119 2203 1196 2269 glu-¹

101 2271 159 2322 silia
177 2271 254 2332 lebte,
272 2269 333 2322 weil
348 2285 375 2322 er
392 2270 435 2322 bei
452 2271 503 2322 ibrn
521 2286 565 2322 urn
583 2287 613 2323 so
664 2272 798 2322 diatomos
814 2269 935 2331 familiae
959 2270 1079 2337 gehalten
1096 2271 1176 2322 hatte.

100 2338 613 2404 mehrGeneigtheitvoranssetzenkonn-
665 2369 699 2377 —
715 2343 746 2389 in
761 2339 924 2389 Thurinum:
942 2339 982 2391 ins
999 2336 1176 2400 Thurinische,

99 2410 133 2470 te,
152 2407 226 2458 einen
238 2406 365 2458 Aulstand
383 2407 409 2459 in
421 2406 511 2458 ltalien
529 2423 613 2476 gegcn
665 2407 711 2460 das
729 2404 820 2458 Gebiet
836 2422 888 2459 von
906 2406 1006 2468 Thurii3
1025 2423 1048 2460 c.
1063 2409 1129 2472 22,2
1147 2409 1178 2457 in

100 2475 176 2526 Gisar
188 2491 220 2525 ιιι
233 2490 346 2541 erregen‚
364 2473 396 2526 da
413 2474 458 2526 ibn
470 2476 554 2527 dieser
571 2477 612 2527 bei
664 2491 733 2541 agro
754 2475 882 2526 Thurino.

99 2542 382 2608 dchurdclrberufung
394 2542 613 2595 derverbannten
699 2548 723 2596 5.
741 2559 849 2608 unoque
866 2547 997 2608 tempore:
1018 2542 1070 2595 und
1089 2543 1126 2594 als
1145 2558 1178 2593 zu

101 2610 523 2676 (c.1‚4)ausgeschlossenbatte.
542 2612 612 2663 Cass.
664 2611 777 2677 gleicber
789 2611 845 2661 Zeit
861 2627 894 2660 zu
911 2610 998 2676 Capua
1016 2610 1086 2662 scine
1103 2609 1178 2661 Feld-

100 2676 453 2742 lli042,2l.-eonomine‚
466 2678 613 2743 desbalb,
664 2678 770 2730 zeicben
793 2677 846 2728 und
863 2677 964 2729 Waffen
986 2678 1038 2729 und
1060 2677 1102 2729 die
1126 2693 1178 2730 von

101 2746 152 2795 loc
169 2744 202 2795 da
220 2760 310 2795 cauea.
339 2744 391 2795 Cic.
402 2744 433 2795 ad
446 2743 506 2796 lam.
517 2749 540 2809 4,
551 2749 613 2810 ini:
666 2745 765 2811 Neapel
788 2745 834 2797 her
857 2761 916 2796 zum
933 2744 1025 2797 Verrnt
1041 2745 1086 2797 der
1103 2745 1179 2798 Stadt

117 2813 168 2863 uid
189 2817 240 2876 cet,
266 2812 339 2879 quod
362 2817 391 2861 tu
413 2816 461 2862 aut
481 2813 530 2863 illu
554 2829 615 2863 cum
665 2812 960 2879 hergeschickteBande
978 2813 1095 2880 argriffen
1113 2830 1179 2865 wor-

98 2830 212 2942 bruma
225 2881 615 2947 bocnominequempoceilic;
666 2881 716 2933 den
743 2896 805 2933 war.
827 2910 861 2919 -
874 2882 1060 2947 proditionem
1086 2881 1179 2948 oppidi

100 2964 147 3015 pro
172 2947 243 3000 Sulla
266 2950 307 3014 29,
327 2951 371 3001 at:
407 2951 529 2999 commati
550 2954 616 2999 cunt
666 2952 821 3015 appararet.
862 2948 896 3000 So
915 2949 966 3001 Cic.
984 2965 1031 3015 pro
1054 2950 1114 3016 imp.
1133 2949 1178 3001 Gn.

102 3032 190 3068 omnes
206 3032 261 3067 uno
278 3018 387 3067 nomine
405 3016 568 3068 consulares.
580 3045 614 3055 —
665 3017 754 3083 Pomp.
767 3019 810 3068 12:
824 3015 928 3078 ballum,
940 3016 993 3069 liv.
1004 3021 1029 3080 4,
1042 3021 1068 3070 l:
1081 3017 1178 3069 bellum

100 3102 130 3136 eo
148 3089 257 3135 euocato
271 3081 368 3134 —oibi
385 3086 538 3136 coniuuoeit.
567 3083 614 3137 llie
666 3101 802 3150 omnaque,
815 3082 844 3135 B.
853 3083 964 3136 Alexflz
983 3085 1079 3151 fugam
1095 3101 1178 3153 appa-

101 3151 330 3218 Satzverbindung,
349 3152 399 3204 wie
412 3152 453 3204 die
466 3168 498 3204 zu
515 3156 612 3218 t,36‚o
664 3169 735 3204 rure.
754 3181 787 3190 —
806 3158 963 3208 couventui:
984 3157 1007 3216 1,
1028 3157 1067 3216 14,
1086 3158 1109 3207 5.

100 3221 282 3288 besprochene‚
300 3237 348 3272 nur
365 3220 421 3272 dass
434 3220 480 3273 das
492 3219 613 3285 objekts-
699 3219 747 3275 22.
757 3224 778 3274 1.
789 3223 890 3271 circum
900 3224 1063 3288 municipia:
1076 3225 1176 3286 t,14,5:

100 3303 241 3354 pronomen
259 3289 437 3355 weggelassen
454 3290 497 3356 ist,
515 3290 565 3341 wie
583 3287 613 3341 B.
665 3293 767 3341 circum
778 3288 899 3350 familias
912 3291 1178 3356 conumlusCampu·

101 3355 130 3407 G.
141 3357 165 3418 6,
174 3359 216 3419 43,
230 3359 256 3406 l:
274 3372 372 3422 magno
391 3362 482 3408 coacto
500 3373 612 3431 numero
663 3362 726 3409 niue
738 3358 885 3409 distribuit.
895 3387 930 3396 -
942 3359 1054 3410 littcm'c:
1069 3362 1091 3422 1,
1101 3362 1142 3424 40,
1154 3363 1177 3413 1.

100 3423 270 3485 —dimiltil;
282 3427 340 3487 ’1,4,
352 3428 379 3476 1;
392 3428 545 3477 convocatis
556 3428 613 3476 utic
664 3441 764 3493 —per
783 3426 944 3478 Vibullium:
972 3426 1006 3478 Er
1022 3428 1096 3479 hatte
1114 3427 1177 3492 sich,

101 3492 243 3543 clientibus
255 3489 337 3551 facile
347 3494 481 3556 incendit,-
497 3497 522 3556 7,
531 3496 573 3559 29,
585 3497 612 3555 1;
664 3494 703 3546 als
721 3509 748 3546 er
765 3508 818 3545 von
829 3491 968 3561 Pompeius
985 3496 1051 3547 nach
1065 3494 1177 3562 Spanien

100 3563 142 3623 60,
157 3563 183 3611 1:
203 3560 315 3610 concilio
334 3565 478 3611 conuocato
492 3562 614 3612 cohorta—
665 3561 799 3629 geschiekt
815 3562 917 3626 wurdc,
941 3563 969 3613 in
986 3561 1099 3615 Massilia
1122 3562 1178 3614 aul-

102 3633 152 3678 tuc.
181 3625 241 3692 Vgl.
259 3627 325 3678 oben
344 3642 376 3678 zu
394 3630 614 3694 eim—eibi
665 3629 794 3697 gehalten,
812 3644 833 3681 e.
851 3645 883 3681 zu
904 3633 925 3693 1,
945 3633 986 3695 34,
1006 3635 1028 3683 1.

47 3706 49 3711 “
102 3697 246 3748 coniunxit
257 3700 337 3761 atque
349 3699 614 3761 eum-praemisit.
699 3701 723 3750 2.
740 3698 878 3764 ergastula
890 3697 948 3749 sind
960 3697 1001 3749 die
1014 3698 1177 3764 gewdbnlicb

67 3781 70 3789 ·
101 3763 150 3816 Der
160 3762 445 3828 Objeklsaccusativist
456 3764 525 3815 beim
537 3764 615 3817 zwei·
664 3765 868 3819 unterirdischen
880 3764 1008 3831 Zwinger,
1021 3766 1047 3816 in
1059 3765 1175 3817 welchen

102 3835 145 3882 ten
165 3829 275 3883 Verbum
293 3835 405 3898 gesetzt,
425 3832 476 3884 wie
494 3831 522 3885 B.
541 3832 570 3885 G.
590 3836 614 3899 7,
666 3835 707 3888 die
717 3834 838 3899 Sldavcn,
851 3833 893 3886 die
902 3834 944 3886 die
952 3835 1024 3884 barte
1033 3832 1176 3884 Feldarbeit
1263 3839 1267 3848 '

105 3902 144 3963 11,
159 3902 185 3951 1:
205 3916 265 3952 ciem
282 3902 319 3952 ad
336 3901 462 3968 oppidum
480 3900 615 3953 Senonum
666 3919 697 3955 zu
710 3905 836 3970 besorgcn
853 3903 950 3967 hatten,
968 3900 1176 3967 eingeschlossen

926 3984 974 4039 11*
