2626 4416
164 237 227 298 216
558 235 601 286 ΒΕ
618 233 721 287 BEILO
739 233 832 286 ctvtu

163 411 308 490 praesidia
324 411 446 488 Pompei
465 411 590 470 tuissent
613 427 710 486 neque
726 426 848 487 operam
869 407 899 466 in
921 425 954 464 re
974 406 1092 466 militari
1114 406 1244 486 praesti·

125 508 141 555 t
161 498 282 557 tissent:
303 514 394 554 unam
410 497 474 555 iore
489 494 639 566 tabellam,
657 495 710 572 qui
729 493 898 553 liberandos
919 493 1001 552 omni
1015 492 1152 571 periendo
1168 510 1244 551 oen·

164 590 281 655 serent;
296 581 428 653 aiteram,
440 581 492 658 qui
503 580 608 658 eapitis
616 580 807 653 damnaren13
819 576 946 651 tertiam,
961 578 1013 654 qui
1023 578 1153 656 pecunia
1163 577 1245 636 mui-

126 678 141 725 5
161 677 269 726 tarent.
299 665 454 725 Postremo
475 684 580 724 omnes
600 674 651 723 aut
664 665 700 723 de
720 663 887 722 honoribus
907 663 969 723 suis
984 672 1033 721 aut
1048 663 1084 722 de
1099 662 1246 742 praemiis

162 751 306 830 pecuniae
318 760 367 809 aut
378 751 415 810 de
425 750 642 829 persequendis
651 748 814 808 inimicitiis
824 748 951 826 agebant
962 766 1019 808 nee
1029 748 1139 826 quihus
1150 748 1245 808 ratio-

163 836 252 896 nibus
266 854 407 914 superare
423 845 555 914 possent,
571 835 623 895 sed
637 834 885 912 quemadmodum
902 834 945 893 uti
959 834 1080 892 victoria
1094 832 1246 894 deberent

163 920 341 980 coeitahant.

200 968 217 998 υ
248 1001 303 1068 84.
327 1005 370 1065 ue
392 1004 583 1064 frumentaria
599 1013 771 1082 praeparata
794 1004 1037 1081 confirmatisque
1050 1002 1199 1064 militibus
1213 1013 1246 1062 et

164 1092 234 1151 satis
244 1091 335 1169 iongo
346 1090 441 1170 spatio
452 1089 596 1166 temporis
607 1108 623 1148 a
635 1089 845 1168 Dyrrhachinis
856 1089 977 1167 proeliis
987 1089 1169 1160 intermisso,
1180 1107 1244 1166 quo

164 1176 233 1236 satis
247 1185 437 1255 perspectum
452 1173 561 1233 hahere
576 1174 704 1234 mihtum
717 1174 850 1234 animum
864 1174 1020 1244 rideretur,
1035 1174 1245 1252 temptandum

164 1261 271 1321 Caesar
290 1259 480 1330 existimarit,
501 1259 643 1336 quidnam
665 1258 824 1338 Pompeius
845 1259 989 1338 propositi
1010 1268 1062 1318 aut
1080 1259 1245 1320 voluntatis

127 1355 142 1403 2
163 1347 198 1404 ad
209 1345 410 1405 dimicandum
418 1343 550 1402 haberet
574 1344 677 1422 ltaque
691 1345 1012 1404 exeasttisexeroitum
1021 1344 1244 1404 eduxitaeiem-

163 1449 222 1508 que
237 1429 385 1499 instruxit,
400 1430 497 1508 primo
508 1429 570 1488 suis
584 1429 658 1489 ioeis
670 1430 820 1508 pauloque
835 1448 851 1488 a
866 1429 970 1490 eastris
981 1429 1102 1508 Pompei
1111 1429 1244 1508 longius,

164 1513 389 1575 continentibus
396 1533 467 1574 rero
477 1514 592 1585 diebos,
603 1525 636 1573 ut
646 1514 1020 1593 progredereturaeastris
1028 1515 1092 1574 suis
1099 1514 1245 1575 eollihus·

163 1619 221 1677 que
233 1600 422 1679 Pompeianis
431 1600 523 1659 aciem
534 1599 693 1659 subiceret.
716 1599 798 1670 Quae
809 1601 898 1660 resin
916 1600 980 1661 dies
990 1599 1244 1659 confirmatiorem

124 1695 140 1742 a
161 1686 226 1744 eius
237 1685 399 1745 exereitum
409 1685 565 1744 efficiebat.
590 1685 735 1763 Superius
745 1695 843 1745 tamen
856 1685 1025 1745 institutum
1035 1684 1066 1743 in
1078 1683 1244 1762 equitibus,

163 1771 244 1848 quod
258 1770 533 1843 demonstravimus,
548 1769 691 1843 servabat,
706 1781 747 1842 ut,
763 1770 904 1848 quoniam
919 1789 1045 1830 numero
1060 1770 1163 1830 multis
1172 1789 1244 1850 par·

163 1855 243 1916 tihus
258 1864 335 1915 esset
350 1855 484 1923 interior,
499 1854 703 1915 adulescentes
717 1865 805 1933 atque
817 1855 969 1934 expeditos
984 1875 1019 1914 ex
1035 1856 1244 1934 antesignanis

164 1940 266 2000 electis
281 1941 316 1999 ad
331 1940 540 2018 pernicitatem
554 1940 645 2000 armis
659 1941 738 2000 inter
752 1940 867 2018 equites
881 1940 1021 2019 proeliari
1036 1939 1169 2012 inheret,
1190 1941 1245 2019 qui

163 2025 311 2084 cotidiana
331 2025 548 2086 consuetudine
572 2044 661 2086 usum
681 2044 801 2104 quoque
823 2025 887 2085 eius
911 2025 1031 2104 generis
1055 2025 1277 2106 proeliorum:

126 2119 141 2167 4
162 2110 361 2189 perciperent.
391 2110 444 2170 His
468 2120 531 2170 erat
557 2111 647 2172 rebus
667 2111 822 2184 effectum,
845 2120 877 2169 ut
892 2111 1026 2188 equitum
1047 2110 1128 2171 mille
1150 2111 1244 2171 etiam

164 2273 233 2324 h'ero
255 2277 283 2324 2:
311 2275 485 2324 commitante
510 2280 599 2325 autern
627 2277 674 2327 Cn.
759 2280 783 2328 2.
801 2278 950 2326 suistaen:
967 2283 1018 2327 erst
1034 2276 1243 2329 anieinenron

164 2343 287 2407 Pompeio
314 2344 347 2392 de
371 2343 466 2392 inediis
492 2359 525 2392 ae
549 2350 674 2393 neutram
725 2345 777 2395 ihm
800 2345 947 2408 gewahlten
971 2344 1023 2395 nnd
1046 2345 1243 2411 maman,

161 2415 265 2475 partem
286 2412 468 2475 sequentihus,
490 2411 564 2460 roias
580 2411 674 2474 (Domi-
725 2413 781 2463 also
798 2411 840 2462 [ιιι
856 2413 900 2462 ihn
918 2413 1055 2477 gimstigen
1067 2411 1176 2464 Terrain
1192 2429 1244 2465 vor

163 2480 224 2528 tinet
242 2481 346 2528 anuuit
363 2481 478 2528 hostiurn
499 2495 610 2529 numera
627 2482 674 2530 da-
725 2480 822 2531 seinem
845 2481 936 2545 lagen
963 2480 1030 2531 dann
1056 2496 1102 2544 so,
1128 2481 1187 2534 daie
1215 2497 1244 2533 er

164 2547 270 2597 bendon
295 2545 352 2612 Vgl.
361 2546 433 2597 dens.
442 2547 514 2597 Caes.
524 2551 566 2610 15,
580 2547 631 2598 Cic.
642 2548 674 2599 ad
725 2548 792 2599 nach
808 2548 860 2598 nnd
878 2549 943 2598 nach
961 2549 1019 2599 dem
1041 2548 1089 2599 ani
1103 2548 1150 2600 der
1167 2549 1243 2602 iit'rhe

163 2617 216 2665 Ao.
237 2619 277 2677 tt,
289 2618 314 2678 6,
332 2618 359 2666 6;
378 2631 468 2665 amnes
484 2618 563 2676 maini,
581 2620 630 2681 qui
646 2620 675 2666 in
725 2617 867 2667 stehenden
884 2615 1024 2683 Pompeius
1040 2617 1121 2668 nither
1138 2618 1243 2670 ritekte.

164 2683 246 2732 ltalia
256 2688 420 2748 monuerant,
434 2686 551 2734 hostiani
562 2701 674 2734 numero
725 2683 752 2735 S.
764 2701 797 2734 ιιι
811 2688 834 2748 1,
846 2688 888 2739 61.
900 2687 928 2743 ὃς
942 2689 965 2747 3,
978 2689 1019 2736 tt.
1032 2688 1057 2737 6.
1068 2715 1104 2722 -
1115 2702 1133 2735 a
1143 2691 1244 2737 caetris

164 2753 338 2803 inhiantur.
724 2754 841 2818 Pompei.
867 2752 939 2802 Naeh
956 2753 1022 2818 App.
1035 2756 1060 2815 1,
1070 2756 1104 2806 65
1120 2769 1178 2805 war
1193 2754 1244 2807 das

197 2823 222 2870 i.
240 2821 377 2880 tabellam,
401 2822 449 2884 qni
466 2825 604 2870 censerent
620 2819 674 2872 d.i.
724 2819 806 2885 Lagei
834 2820 880 2871 des
908 2819 1048 2887 Pompeius
1074 2824 1109 2873 30
1132 2821 1243 2874 Stadien

163 2903 255 2937 eornm
271 2888 345 2948 (oder
360 2891 411 2936 iis:
434 2887 476 2937 tnr
492 2887 545 2952 die,
564 2888 674 2950 welche)
724 2904 776 2938 ron
794 2888 851 2939 dem
870 2888 960 2939 Cisars
982 2888 1104 2940 entiernt
1120 2918 1157 2928 —
1177 2907 1244 2942 eon-

163 2960 212 3021 qni
223 2972 293 3006 eene.
312 2956 360 3007 hie
371 2955 533 3021 Ansiassnnq
543 2955 590 3006 des
600 2972 674 3022 pron.
724 2956 910 3017 firinatioreni.
932 2956 984 3007 Das
995 2956 1060 3008 Heer
1075 2972 1190 3022 gerrann
1208 2975 1243 3010 an

163 3023 301 3075 demonstr.
320 3025 353 3074 ist
371 3023 438 3074 daun
456 3023 497 3074 hir
514 3039 562 3075 ons
583 3023 675 3074 anssei-
725 3022 961 3085 Selhstrertranen‚
979 3024 1040 3075 weil
1057 3040 1116 3076 man
1134 3028 1243 3093 mdnte,

163 3091 236 3154 tend,
262 3107 338 3142 vienn
359 3106 388 3142 es
409 3091 435 3140 in
460 3092 542 3142 einem
563 3092 673 3143 anderen
725 3092 781 3143 dass
807 3092 945 3157 Pompeius
971 3092 1020 3144 den
1047 3091 1145 3160 Kampt
1168 3096 1243 3147 nieht

163 3159 242 3211 Casas
259 3161 337 3223 steht,
354 3160 393 3210 als
410 3159 456 3210 das
467 3159 624 3219 Relatirnm;
643 3176 673 3211 so
724 3175 807 3224 vage.

162 3242 185 3277 e.
198 3230 239 3278 18.
257 3233 281 3279 5.
305 3227 334 3277 Β.
346 3226 376 3278 G.
394 3232 418 3278 Ἰ.
435 3231 475 3291 31,
488 3231 513 3291 2,
530 3228 581 3278 und
598 3244 630 3278 an
648 3232 673 3290 4,
758 3231 782 3279 3.
802 3228 932 3292 Seeperim
944 3231 1115 3278 tnsiiiutun:
1125 3245 1148 3280 t.
1162 3234 1242 3294 15,5.

163 3298 188 3356 ἵ,
200 3296 226 3346 3.
245 3295 301 3359 Vgh
314 3295 454 3345 hesonders
466 3295 507 3346 die
519 3295 616 3361 Ellipse
628 3295 674 3347 des
723 3324 757 3333 —
774 3297 868 3345 inuitis
876 3298 1014 3361 partibus:
1026 3312 1049 3347 e.
1061 3300 1104 3359 8⁰,
1118 3299 1245 3350 2—01

162 3362 252 3413 liatirs
269 3364 294 3412 in
313 3362 528 3427 Gesetztormein,
552 3363 604 3413 nie
621 3363 672 3413 Cic.
719 3366 910 3428 pernicitatem
923 3364 957 3414 ist
969 3366 1016 3415 mit
1028 3365 1119 3414 eiectis
1136 3381 1169 3417 ιιι
1182 3382 1242 3418 rer-

162 3431 195 3481 de
209 3431 286 3496 Legg.
300 3432 325 3493 2,
337 3432 361 3483 8.
374 3433 421 3482 21:
439 3435 537 3496 quique
554 3447 609 3480 nan
623 3447 672 3496 pa·
723 3430 830 3483 hinden:
842 3432 880 3482 sie
892 3431 1024 3498 kimpiten
1036 3433 1083 3484 mit
1094 3433 1240 3486 leiehteren

160 3501 257 3562 ruerit,
274 3499 376 3564 capital
391 3503 455 3548 esto.
723 3499 764 3550 tiu
792 3500 830 3550 sie
859 3501 1005 3565 gerrihiten
1036 3500 1242 3568 Schntzvati'en,

196 3566 670 3631 5.Pastreno:dherhanpt‚hnrz—
722 3566 802 3618 demit
826 3568 864 3618 sie
888 3568 1019 3619 hehender
1041 3570 1139 3620 vireu.
1177 3569 1242 3637 Vgi.

161 3637 194 3686 de
202 3639 333 3702 praenia'e
338 3638 479 3700 pecuniae,
499 3635 549 3685 trie
564 3649 587 3686 e.
600 3637 670 3687 5111
722 3651 745 3686 e.
765 3639 808 3697 11,
829 3639 856 3687 t:
882 3640 993 3686 ninuh's
1015 3637 1053 3686 ad
1072 3637 1243 3690 celeritatem

156 3708 281 3770 praemia
298 3707 341 3754 rei
351 3706 535 3769 pecuniariae.
720 3707 856 3755 imin.

193 3771 242 3827 84.
256 3777 277 3823 t.
287 3772 543 3838 qna-videretur:
555 3770 670 3835 solonge
756 3779 781 3823 ⁴.
798 3774 917 3838 equitnm
934 3772 1022 3832 nitio,
1047 3771 1097 3823 trie
1113 3771 1145 3824 B.
1162 3772 1195 3825 G.
1216 3778 1242 3840 t,

160 3841 224 3903 zeii,
247 3840 304 3891 dais
326 3856 354 3891 er
375 3841 401 3890 in
420 3839 553 3891 derseihen
572 3866 670 3891 —.—
722 3843 806 3895 25.5;
830 3839 884 3891 Lir.
903 3843 944 3891 nt.
962 3843 1004 3903 ot,
1024 3843 1052 3890 1;
1069 3840 1146 3890 aitte
1162 3846 1271 3907 ma.

160 3909 275 3959 militurn
292 3912 426 3959 animam.-
443 3911 469 3974 2,
481 3911 523 3974 at,
534 3911 559 3962 6.
721 3913 786 3958 tane
803 3907 971 3960 Gewdhnlieh
983 3907 1048 3958 wird
1060 3908 1135 3958 niiie
1146 3909 1243 3975 ἠρι-
