2626 4416
136 240 199 303 206
454 206 456 213 ’
536 243 697 298 ruarmo
713 244 808 298 crum

136 439 254 480 morum
276 418 433 480 hominum
451 416 638 498 peritissimis
651 429 739 498 atque
754 419 1004 481 exercitatissimis
1018 420 1145 484 ducibus
1159 442 1211 503 pa-

136 507 295 580 cavissent,
317 507 398 583 qnod
412 504 551 566 finitimas
565 505 832 584 frumentariasque
854 506 1021 585 provincias
1035 507 1065 567 in
1082 517 1211 587 potesta·

135 601 195 652 tem
219 590 415 669 redegissent3
438 589 566 668 deniqne
582 591 732 652 recordari
747 590 871 665 dehere,
894 610 952 670 qua
974 591 1111 653 felicitate
1133 593 1214 655 inter

135 677 247 737 medias
267 675 398 736 hostium
421 675 528 740 classes
550 677 676 756 oppletis
697 694 759 737 non
783 676 879 736 solum
901 676 1038 756 portibus
1055 679 1107 738 sed
1124 679 1209 740 otiam

97 762 270 822 olitoribus
291 780 396 822 omnes
417 760 583 822 incolumes
604 770 705 822 essent
727 762 928 841 transportati.
969 760 1001 822 Si
1024 780 1085 823 non
1110 764 1209 824 omnia

136 848 276 908 caderent
296 846 440 920 secunda,
464 848 613 907 fortunam
629 866 693 908 esse
707 847 852 908 industria
874 844 1092 908 sublevandam.
1124 848 1209 920 Quod

135 940 213 994 esset
227 940 381 1011 acceptum
396 931 575 1004 detrimenti,
591 932 720 993 cuiusvis
733 932 833 1012 potius
847 951 935 1010 quam
952 951 1022 994 suas
1038 933 1143 1012 cnlpae
1158 935 1208 995 de-

96 1028 111 1077 5
133 1017 204 1078 here
220 1017 319 1078 tribui.
349 1017 463 1078 Locum
478 1037 509 1078 se
525 1035 653 1097 aequum
669 1018 704 1078 ad
719 1017 919 1079 dimicandum
934 1017 1065 1093 dedisse,
1081 1020 1208 1098 potitum

134 1122 165 1164 se
181 1123 246 1164 esse
260 1103 389 1163 hostium
412 1103 530 1177 castris,
554 1103 700 1182 expulisse
716 1122 750 1165 ac
764 1121 919 1182 superasse
941 1112 1120 1183 pugnantes.
1152 1105 1207 1166 Sed

135 1189 194 1249 sive
215 1190 349 1269 ipsorum
377 1188 559 1268 perturbatio
582 1188 641 1248 sive
664 1207 749 1250 error
770 1188 875 1266 aliquis
896 1189 957 1249 sive
979 1189 1066 1249 etiam
1089 1190 1209 1251 fortuna

133 1283 247 1353 partam
270 1274 328 1334 iam
348 1283 595 1354 praesentemque
617 1273 769 1335 victoriam
791 1273 1051 1352 interpellavisset,
1081 1274 1208 1336 dandam

96 1368 111 1417 6
133 1359 273 1420 omnihus
289 1377 425 1439 operam,
448 1367 482 1420 ut
496 1368 651 1440 acceptum
665 1359 888 1420 incommodum
903 1359 1010 1419 virtute
1032 1360 1208 1437 sarciretur;

134 1445 214 1523 quod
225 1445 249 1505 si
261 1455 339 1504 esset
349 1445 468 1519 lactum,
483 1445 695 1506 detrimentum
707 1445 738 1505 in
751 1445 865 1505 honum
880 1453 1016 1519 verteret,
1032 1445 1075 1504 uti
1087 1446 1123 1505 ad
1135 1445 1208 1505 Ger-

55 1529 56 1532 ’
133 1529 248 1608 goviam
263 1528 425 1603 accidisset,
441 1538 528 1608 atque
543 1532 579 1604 ei,
595 1530 646 1609 qui
658 1539 726 1590 ante
738 1530 878 1591 dimicare
894 1529 1070 1604 timuissent,
1086 1530 1165 1590 ultro
1178 1550 1207 1592 se

132 1615 247 1694 proelio
263 1615 415 1675 offerrent.

219 1697 276 1763 74.
303 1700 365 1759 flac
390 1699 490 1759 habita
516 1699 658 1759 contione
681 1699 844 1760 nonnullos
867 1699 1023 1778 signiferos
1045 1700 1207 1779 ignominia

96 1791 111 1841 2
133 1785 244 1845 notavit
258 1803 292 1845 ac
306 1785 372 1845 loeo
388 1785 487 1845 movit.
518 1784 667 1845 Exercitui
690 1785 808 1863 quidem
824 1785 905 1845 omni
921 1793 1020 1845 tantus
1036 1784 1158 1846 incessit
1172 1805 1207 1846 ex

98 2004 101 2009 ,
133 1968 214 2018 gegen
234 1967 256 2004 c.
276 1955 317 2017 ll,
335 1955 362 2012 2;
382 1955 406 2018 2,
424 1954 448 2016 9,
467 1953 494 2004 8:
513 1955 570 2002 stne
587 1953 643 2003 ullo
696 1951 737 2002 hei
765 1952 852 2004 Cicero
879 1953 920 2004 ein
952 1952 1066 2072 gaarmai
1098 1954 1125 2004 lu
1158 1954 1205 2006 den

132 2023 249 2072 vulnere.
284 2021 392 2086 Aliquis
407 2021 476 2072 steht
498 2021 562 2071 nach
585 2023 644 2071 rinc
695 2019 868 2086 llauptsitzen
886 2036 937 2072 von
974 2021 1206 2086 ediugungssiitzen

133 2093 206 2141 sonst
229 2089 391 2154 gewdhnlich
414 2103 463 2168 nur
485 2089 550 2139 nach
575 2088 644 2140 einer
695 2089 721 2138 in
743 2088 883 2141 indirelrter
902 2088 973 2141 Rede
997 2093 1060 2141 statt
1083 2089 1129 2140 des
1146 2090 1207 2170 hcc.

132 2156 643 2290 tathlttlttlechelade
695 2155 1206 2292 t.dilatauit.ttlhtttl

134 2293 196 2352 hen;
220 2292 276 2343 hier
294 2293 360 2344 ohne
381 2292 497 2357 vorherg.
517 2291 642 2357 Negation
694 2307 736 2344 ser
753 2308 784 2344 zu
797 2291 867 2358 Tage
885 2297 957 2345 trete.
982 2291 1067 2358 Vergl.
1087 2293 1119 2344 de
1132 2292 1204 2345 offic.

133 2385 167 2405 =
184 2361 251 2411 ohue
265 2360 428 2412 erhebliehen
440 2358 545 2411 Verlust
562 2360 643 2423 (nicht
695 2365 717 2423 l,
734 2362 775 2424 44,
794 2364 856 2413 158:
881 2361 954 2427 quod
973 2363 998 2410 ai
1020 2363 1111 2411 omnia
1132 2364 1207 2413 velie

133 2426 339 2493 ‘Verwundung’,
364 2443 384 2480 s.
408 2431 436 2492 l,
454 2431 501 2493 72,
522 2431 559 2492 l),
584 2431 643 2479 sine
692 2429 935 2494 mppedt'tarentur,
952 2433 1008 2478 mm
1021 2431 1122 2494 optimo
1135 2433 1205 2494 qute-

132 2496 206 2547 ullo
223 2497 295 2547 culn.
308 2495 514 2548 ausschliessend
524 2517 559 2537 =
575 2496 642 2548 ohne
693 2512 744 2561 que
760 2498 871 2560 ingenio
885 2525 916 2534 -
930 2501 1015 2546 totum
1032 2513 1060 2546 aa
1071 2499 1102 2547 in
1114 2500 1205 2562 cognt-

133 2564 237 2627 alleu,
263 2564 329 2616 ohne
347 2563 396 2616 den
414 2563 562 2631 geringsten
582 2564 642 2616 ller-
693 2564 1013 2616 hone—collocaret
1027 2564 1067 2615 ltlr
1077 2581 1205 2630 quemque

131 2633 191 2686 lust.
215 2630 301 2699 Vergl.
320 2633 371 2686 Gio.
390 2633 422 2684 de
437 2632 491 2685 Fin.
511 2635 534 2694 3,
553 2635 578 2696 9,
597 2636 641 2685 30:
691 2649 719 2682 se
732 2633 926 2684 collocaturum
938 2650 1000 2684 esse.
1013 2661 1047 2670 -
1059 2639 1161 2684 certem
1178 2634 1202 2684 in

131 2703 179 2766 qui
195 2716 318 2752 moneam
333 2701 393 2762 fore
408 2705 575 2767 preterierunt
584 2703 643 2751 cine
692 2701 821 2752 neutraler
833 2700 985 2766 Bedeutung
1002 2701 1065 2751 ‘sich
1084 2717 1142 2754 zum
1154 2700 1203 2754 Gu-

131 2768 223 2833 nh'qua
242 2773 391 2820 accessione
408 2773 550 2820 virtutem:
574 2769 641 2820 ohne
694 2774 737 2820 ten
760 2769 882 2833 weuden,
909 2769 1093 2834 ausschlagen'.
1113 2799 1144 2808 -
1168 2770 1206 2821 nd

130 2837 232 2903 einigen
255 2837 348 2889 Zusatz
369 2863 404 2882 =
425 2840 481 2887 nisi
502 2837 643 2902 aliquid
695 2837 868 2901 Gergoviam.-
886 2836 914 2888 Β.
927 2836 955 2890 G.
970 2840 993 2901 l,
1007 2841 1037 2889 at
1049 2838 1066 2889 f.

130 2908 287 2957 uocmamset.
323 2933 358 2942 —-
396 2905 642 2970 frumentariasque
727 2902 770 2959 74.
786 2909 806 2958 l.
819 2906 962 2957 nonnullos
972 2904 1120 2970 sogniferos
1128 2909 1204 2970 cgno-

126 2976 293 3040 prouinciae,
310 2973 421 3024 nimlieh
438 2973 543 3025 Sieilien
562 2972 641 3024 durch
692 2975 778 3024 minin
803 2976 915 3025 notauit.
956 2973 989 3025 Er
1014 2973 1112 3026 konnte
1139 2973 1202 3026 nach

130 3042 214 3106 Curio,
226 3041 278 3093 und
288 3040 420 3093 Sardinien
433 3041 512 3093 durch
522 3039 641 3093 Valerius
693 3041 770 3093 altem
779 3041 949 3094 Herkommen
960 3042 1076 3108 Feigheit
1088 3042 1140 3095 und
1152 3041 1203 3092 Un-

132 3115 153 3173 t,
167 3112 236 3161 30u.
249 3112 290 3162 at.
692 3110 827 3229 gehersam
851 3109 930 3162 durch
954 3109 1123 3171 Decimieren,
1151 3109 1202 3162 und

164 3180 189 3228 6.
207 3178 318 3242 quodsi
336 3176 522 3237 excalfactum
540 3177 564 3228 d.
582 3177 598 3228 i.
617 3181 642 3229 ai
709 3178 733 3229 ie
751 3178 947 3242 Fahuentriger‚
969 3177 1010 3229 die
1027 3178 1081 3229 ihre
1100 3177 1202 3230 Fehuen

130 3260 238 3309 operam
256 3245 405 3311 dedissent,
422 3275 456 3284 -
473 3251 591 3296 verteret
606 3275 640 3284 -
691 3245 876 3365 preisgegehen
895 3245 995 3308 hatten,
1021 3246 1139 3298 simtlieh
1157 3246 1203 3296 mit

130 3312 265 3374 offerrent.
287 3312 321 3364 Es
333 3314 426 3365 mdlste
439 3313 576 3379 eigentlich
589 3317 641 3365 ste·
709 3329 748 3365 em
759 3313 830 3365 'lode
839 3312 977 3366 bestrafen.
990 3313 1038 3364 Um
1045 3315 1201 3380 wenigstens

129 3379 178 3430 heu
205 3380 265 3441 scre
291 3385 323 3431 ut
348 3386 472 3446 uerteret,
500 3382 550 3432 wie
574 3382 639 3433 auch
692 3380 1201 3447 einigermalsendermilitiirischenllis·

128 3447 213 3567 ant
246 3449 640 3569 acernaacerna
690 3449 962 3570 instrucre.
976 3450 1203 3570 ateana

128 3531 250 3637 scircrilt’en
277 3591 308 3636 ut
333 3586 398 3638 uach
426 3583 530 3644 sacham
561 3585 638 3640 steht.
690 3586 769 3638 lieher
786 3533 1025 3652 Auiiteltung'aut
1046 3587 1104 3638 dem
1122 3535 1201 3639 freiin

127 3653 247 3706 lndessen
269 3652 373 3720 Madvig
399 3669 432 3704 zu
456 3653 507 3706 Gic.
530 3653 562 3705 de
582 3653 637 3705 Flu.
690 3653 1203 3722 Platzevordeml’eldhermzeltetpmn-

128 3725 152 3784 3,
168 3726 206 3788 lh,
219 3725 265 3774 to:
284 3724 357 3789 quod
371 3725 397 3773 ai
413 3723 447 3773 de
458 3723 561 3772 orhbus
576 3739 638 3773 eon·
690 3725 780 3790 cipio),
797 3721 966 3788 Verhtirzung
983 3722 1028 3774 des
1042 3721 1141 3787 Soldes,
1154 3722 1201 3774 lte-

128 3791 259 3856 eedamus,
275 3794 386 3842 virtuto
403 3794 492 3841 tamen
515 3806 568 3841 non
591 3793 621 3841 si
628 3796 639 3841 t
689 3791 822 3856 gradation
840 3807 865 3842 u.
879 3790 1086 3857 herglbestand.
1114 3790 1147 3841 llr
1164 3807 1202 3842 er-

128 3859 218 3909 eodem
235 3861 307 3911 ratio
324 3859 365 3910 h'rr
385 3874 439 3910 non
457 3875 512 3908 ease
529 3859 638 3910 eandem
689 3859 786 3911 reichte
799 3860 878 3912 durch
893 3859 963 3911 diese
976 3858 1201 3911 wohlberechnete

127 3930 259 3978 rationem
282 3927 327 3979 hat
349 3928 465 3995 gezeigt,
493 3927 547 3980 dals
572 3928 637 3981 auch
689 3927 776 3994 lllilde,
793 3943 848 3981 was
867 3943 895 3980 er
912 3927 1009 3979 wellte.
1041 3925 1112 3982 Suet.
1130 3928 1202 3980 Caes.
