2626 4416
141 221 184 283 50
540 222 581 275 DE
600 221 703 275 netto
720 220 815 274 ulvmt

141 396 216 459 Libo
238 415 254 457 a
277 396 426 475 colloquio
449 395 554 457 Canini
575 395 725 474 digressus
745 394 782 455 ad
802 393 980 472 Pompeium
1009 394 1221 472 proficiscitur.

141 481 232 545 Paulo
247 490 317 561 post
331 479 493 554 renuntiat,
515 481 594 558 quod
609 480 746 543 consules
760 478 868 553 absint,
891 478 956 539 sine
978 478 1035 540 illis
1050 498 1112 541 non
1128 498 1219 559 posse

105 566 189 646 tagi
202 567 240 627 dc
255 565 480 644 compositione.
517 564 560 626 lta
583 564 699 644 saepius
719 582 782 625 rem
797 565 907 625 frustra
923 571 1095 642 temptatam
1109 564 1222 629 Caesar

140 651 300 730 aliquando
316 649 520 711 dimittendam
534 649 591 711 sibi
606 649 715 711 iudicat
729 658 759 710 et
774 648 905 710 debello
920 649 1077 727 agendum.

225 731 280 802 27.
302 735 399 814 Prope
414 733 533 797 dimidia
546 743 630 814 parte
645 734 744 814 operis
758 752 775 794 a
791 732 914 795 Caesare
934 733 1038 795 effecta
1051 733 1221 815 diebusque

140 821 171 883 in
188 839 221 883 ea
236 838 269 881 re
284 819 469 899 consumptis
482 838 541 881 vuu
552 838 641 882 naves
656 818 858 880 aconsulibus
872 815 1055 898 Dyrrhachio
1066 819 1217 897 remissae,

140 924 215 984 quae
235 905 367 985 priorem
390 913 504 985 partem
528 904 674 966 exercitus
694 923 729 965 eo
752 904 995 982 deportaverant,
1024 903 1218 969 Brundisium

103 997 118 1048 t
139 999 337 1053 revertuntur.
353 990 521 1069 Pompeius,
532 990 593 1052 sive
605 987 882 1068 operibusCaesaris
893 996 1045 1068 permotus
1056 988 1218 1053 siveetiam

140 1075 219 1155 quod
233 1075 271 1136 ab
286 1074 371 1138 initio
385 1075 466 1136 ltalia
481 1075 623 1137 excedere
638 1073 848 1147 constituerat,
865 1073 994 1135 adventu
1009 1073 1127 1135 narium
1142 1092 1217 1154 pro·

100 1165 116 1215 a
137 1160 298 1222 lectionem
313 1177 417 1239 parare
437 1159 543 1239 incipit
564 1169 607 1234 et,
631 1177 691 1237 quo
710 1157 824 1220 facilius
843 1157 987 1238 impetam]
1002 1157 1134 1223 Caesaris
1152 1167 1219 1221 tar·

138 1245 230 1316 daret,
247 1263 285 1305 ne
295 1243 352 1306 sub
367 1244 431 1323 ipsa
445 1243 631 1323 profectione
641 1243 748 1307 milites
762 1243 906 1323 oppidum
917 1243 1127 1322 irrumperent,
1142 1262 1218 1323 por·

138 1340 183 1393 tas
197 1328 341 1399 obstruit,
361 1328 441 1390 vicos
454 1328 624 1408 plateasque
644 1327 826 1403 inaedificat,
847 1329 941 1391 fossas
960 1337 1142 1391 transversas
1158 1328 1218 1395 viis

99 1418 115 1467 4
137 1413 291 1494 praeducit
311 1422 400 1492 atque
422 1412 464 1474 ibi
486 1415 573 1475 sudes
587 1412 761 1493 stipitesque
783 1422 958 1492 praeacutos
978 1408 1087 1492 defiqit.
1131 1413 1216 1479 Haec

136 1498 251 1560 levibns
271 1497 401 1561 cratibus
420 1507 558 1577 terraque
578 1498 733 1578 inaequat:
761 1497 856 1560 aditus
877 1507 975 1560 autem
994 1506 1083 1577 atque
1104 1498 1215 1561 itinera

137 1585 212 1658 duo,
235 1600 310 1662 quae
333 1591 415 1644 entra
436 1600 556 1645 murum
577 1584 613 1645 ad
635 1591 756 1663 portum
778 1582 929 1658 serebant,
952 1583 1086 1646 maximis
1107 1583 1215 1651 defixio

100 1671 114 1719 5
135 1667 269 1735 trabibus
283 1675 372 1747 atque
388 1667 430 1730 eis
443 1669 609 1748 praeacutis
623 1668 781 1748 praesepit.
810 1667 863 1729 llis
877 1667 986 1747 paratis
1004 1667 1095 1730 rebus
1104 1668 1218 1733 milites

135 1753 252 1815 silentio
275 1771 364 1814 naves
386 1755 588 1815 conscendere
602 1754 697 1827 iubet,
721 1753 874 1832 expeditos
895 1762 994 1815 autem
1016 1772 1052 1814 ex
1074 1754 1215 1829 evocatis,

135 1836 291 1918 sagittariis
311 1836 572 1917 funditoribusque
593 1856 676 1899 raros
694 1837 726 1899 in
747 1857 833 1900 muro
856 1836 1048 1917 turribusque
1071 1833 1214 1918 disponit.

98 1922 113 1972 6
134 1923 197 1984 llos
216 1932 299 1983 certo
321 1923 407 2002 signo
428 1941 567 1985 revocare
588 1923 757 1996 constituit,
779 1942 847 1984 cum
868 1941 972 1984 omnes
993 1921 1100 1984 milites
1120 1941 1215 1986 nares

134 2006 387 2082 conscendissent,
402 2015 491 2087 atque
505 2007 541 2069 iis
552 2008 688 2088 expedito
703 2009 769 2069 loco
785 2009 913 2068 actuaria
929 2006 1042 2086 navigia
1057 2006 1212 2088 relinquit.

210 2088 269 2156 28.
292 2091 464 2153 Brundisini
475 2093 725 2172 Pompeianorum
741 2091 868 2152 militum
882 2091 998 2154 iniuriis
1012 2100 1100 2170 atque
1115 2092 1213 2173 ipsius

96 2191 112 2240 2
133 2176 255 2254 Pompei
270 2176 458 2238 contumeliis
471 2177 599 2256 permoti
610 2176 740 2239 Caesaris
751 2175 842 2237 rebus
860 2174 1005 2237 favebant.
1039 2176 1143 2256 ltaque
1157 2196 1212 2238 co·
1234 2231 1238 2237 .

133 2260 214 2338 gnita
225 2259 349 2339 Pompei
358 2260 545 2339 profectione
555 2260 804 2324 concursantibus
814 2260 871 2322 illis
883 2269 970 2340 atque
981 2260 1012 2322 in
1025 2279 1058 2322 ea
1070 2279 1103 2322 re
1119 2280 1212 2324 occu-

132 2344 209 2424 patis
223 2345 311 2423 vulgo
327 2362 364 2404 cx
382 2345 468 2406 tectis
489 2346 703 2424 significabant.
748 2347 806 2407 Per
827 2364 902 2425 quos
921 2362 954 2405 re
969 2347 1088 2426 cognita
1103 2347 1212 2410 Caesar

166 2531 191 2583 t.
208 2530 266 2579 aine
281 2528 337 2579 illia
347 2527 563 2582 nacbdrticlrlicbe
575 2528 644 2582 Wie-
693 2528 917 2582 verbanikadiert.
935 2528 989 2580 Liv.
1003 2533 1045 2595 44,
1057 2533 1098 2593 46,
1112 2532 1140 2583 6:
1158 2546 1211 2585 noe

131 2595 274 2662 derholung
296 2595 342 2649 des
366 2597 447 2649 sehon
469 2597 498 2649 in
520 2598 593 2664 quod
608 2627 643 2637 -
688 2599 800 2648 'cloume
824 2598 903 2649 modo
919 2600 1035 2662 poetae,
1057 2597 1105 2649 sed
1125 2600 1209 2651 etiam

131 2666 219 2717 obsint
241 2664 408 2717 euthaltenen
431 2664 554 2719 Grandes.
592 2666 643 2719 Zur
691 2664 880 2726 inaedificatae
895 2670 981 2716 erant.
1008 2664 1121 2718 Soaucb
1138 2666 1209 2727 loca

131 2729 214 2784 Sache
232 2747 252 2785 s.
271 2747 292 2784 c.
311 2735 352 2797 25,
371 2735 394 2785 2.
691 2728 825 2800 κοὸομεῖν.
843 2731 946 2786 Diodor.
958 2731 1007 2787 Sic.
1020 2735 1044 2796 3,
1054 2736 1100 2793 37;
1115 2736 1155 2797 11,
1164 2737 1208 2788 45.

164 2802 188 2852 6.
205 2800 370 2866 aliquando:
382 2799 483 2852 endlicb
495 2800 596 2853 einmal.
607 2829 641 2839 —
725 2805 750 2855 4.
768 2803 910 2866 incoquet:
926 2800 1012 2852 macht
1029 2798 1110 2853 durch
1125 2788 1208 2857 tiae·

129 2868 194 2919 dab.
205 2869 353 2933 agendum:
363 2867 491 2921 ‘wirldich
502 2869 553 2921 den
563 2868 642 2935 llrieg
691 2868 790 2921 decken
803 2869 887 2936 gleich
904 2869 952 2921 mit
969 2867 1014 2921 der
1027 2865 1131 2931 Straba,
1149 2869 1207 2925 dale

127 2950 161 2988 au
171 2935 313 3002 betreiben,
325 2935 447 2988 ernstlicb
460 2951 492 2989 an
500 2935 551 2989 den
562 2935 641 3003 Krieg
691 2952 750 2991 man
761 2936 800 2989 sie
811 2938 884 2989 nicht
901 2937 981 2988 seben
996 2934 1108 2997 ltounte;
1126 2936 1207 2991 daber

128 3019 160 3056 zu
178 3003 298 3070 denken’,
317 3004 370 3072 vgl.
384 3020 417 3055 zu
433 3003 462 3056 B.
476 3003 504 3058 G.
518 3008 542 3071 l,
555 3008 596 3070 36,
611 3009 639 3058 l:
691 3022 713 3059 c.
732 3008 774 3071 28,
791 3009 808 3058 4
826 3005 926 3057 nattam
944 3018 1059 3057 coecum.

128 3072 160 3122 de
178 3074 324 3123 obsessione
340 3072 483 3137 agendum.
724 3077 748 3129 6.
766 3077 839 3124 certo
849 3077 938 3138 signo,
950 3087 972 3123 c.
981 3074 1024 3137 28,
1036 3074 1065 3125 3:
1077 3088 1108 3123 co
1116 3075 1208 3140 εἰμι»,

161 3136 205 3193 87.
224 3141 247 3191 2.
265 3140 383 3191 adventu
400 3155 422 3192 c.
442 3144 483 3207 18,
500 3144 524 3192 5.
690 3141 763 3209 quod
773 3145 985 3193 conoanerot.-·
996 3142 1149 3191 coustituit:
1160 3141 1207 3194 bo·

162 3209 186 3260 3.
205 3206 259 3258 Sat
271 3209 331 3272 ipso
346 3207 528 3273 profectione:
544 3209 639 3276 gerade
689 3208 987 3272 stimmt,ordnetan.·-
1049 3209 1207 3261 editolocoa

126 3273 177 3338 bei,
189 3273 312 3326 wibrend
323 3274 368 3326 der
378 3274 495 3327 Ablahrt.
525 3277 639 3329 Subruit
689 3293 721 3329 an
731 3277 814 3329 einem
824 3275 892 3339 0rte,
910 3290 952 3327 wo
962 3224 1141 3344 massequem
1150 3276 1206 3331 und

126 3340 185 3393 dem
208 3340 267 3395 Abl.
284 3341 436 3395 bezeichnet
458 3342 499 3394 die
517 3343 588 3409 Zeit,
610 3346 638 3396 ln
689 3343 1206 3411 ungehindertsichetnschiffonkonnta.

126 3408 239 3460 welchcr
262 3414 343 3461 etwas
366 3408 508 3475 gescbiebt,
525 3413 573 3461 aab
591 3411 639 3462 mit
688 3441 722 3451 -·-
740 3415 865 3464 actuario
888 3414 1001 3476 navigio
1028 3411 1086 3465 sind
1108 3413 1207 3467 laicata

126 3476 183 3529 dem
199 3477 261 3528 Ace.
283 3492 335 3528 von
357 3476 403 3529 der
416 3477 480 3559 ¹Zcit
502 3477 637 3531 bedentet:
688 3479 863 3560 Rudcrscbiffe
875 3482 967 3543 (ramis
976 3479 1204 3559 agaret—Porn-

125 3546 638 3680 ttaatt²t.·s·.ttttt.ttttttt
689 3547 1203 3682 ttttttta?ltltlttttlltt

123 3679 397 3748 blolsemAcc.wie2,
409 3685 447 3747 13,
460 3686 490 3744 43
504 3685 529 3746 3,
541 3685 598 3747 tlt,
611 3687 637 3746 1;
688 3685 772 3738 seiner
781 3683 941 3750 Entternung
952 3699 999 3736 ans
1008 3683 1098 3737 ltaliae
1110 3683 1145 3735 ist
1155 3683 1202 3737 der

123 3747 245 3816 Dagegen
262 3749 309 3801 mit
325 3752 355 3800 ia
373 3752 397 3815 2,
415 3752 502 3812 12,4;
521 3749 551 3802 B.
569 3750 597 3805 G.
612 3755 635 3815 6,
688 3756 755 3805 erate
772 3753 825 3805 Alrt
841 3752 888 3805 des
905 3752 1012 3818 llriegcs
1030 3750 1160 3816 beendiqt

125 3819 165 3880 37,
178 3821 188 3867 1
200 3819 524 3881 :incastro,·l,50,5:in
534 3818 636 3870 ooedios
720 3818 767 3876 28.
786 3824 809 3874 8.
827 3822 925 3886 volgo:
947 3819 1130 3884 allentbalben,
1153 3819 1203 3873 dt-

124 3886 317 3938 casteon-
332 3886 503 3949 inaedificat-
519 3887 635 3952 verbaut,
686 3889 795 3954 semein.
821 3918 855 3928 -
880 3887 1086 3954 significabant:
1116 3886 1203 3953 geben
1253 3950 1256 3955 ¹
