2626 4416
555 243 574 299 ι
595 247 704 300 co-ar.
1134 240 1174 304 87

95 422 207 482 Caesar
228 428 316 498 atque
330 439 366 480 ex
380 418 496 498 magnis
516 419 641 499 rupibus
657 428 761 481 nactus
775 419 933 500 planiciem
947 419 977 480 in
994 420 1049 480 hac
1071 428 1176 481 contra
1205 471 1208 474 ,

100 507 216 567 hostem
237 505 328 565 aciem
351 505 480 566 instruit.
511 505 665 579 Afranius,
688 523 756 565 curn
770 505 806 565 ab
829 505 961 584 equitatu
983 505 1176 566 novissimum

100 609 206 671 agmen
221 599 416 670 premeretur,
432 598 500 649 ante
516 608 548 650 se
559 591 675 651 hostem
688 590 809 663 videret,
824 591 931 651 collem
942 591 1089 669 quandam
1105 608 1176 651 uac-

101 685 149 746 tus
163 675 203 736 ibi
219 675 361 735 constitit.
391 673 436 734 Ex
451 693 486 734 eo
501 674 568 735 loco
584 694 626 735 1111
642 682 821 735 cetratorum
837 675 968 736 cohortis
982 676 1012 736 iu
1035 683 1177 748 montem,
1199 683 1214 732 4

102 761 154 840 qui
169 769 232 821 erat
245 760 276 821 in
293 767 457 839 conspectu
478 760 612 821 omnium
626 759 856 834 excelsissime,
878 760 976 820 mittit.
1005 760 1094 821 Hunc
1115 778 1177 821 ma·

102 864 162 926 gno
178 863 268 906 cursu
284 845 448 906 concitatos
462 844 544 905 iubet
559 862 715 925 occupare,
731 863 767 904 eo
782 844 921 918 consilio,
937 846 980 906 uti
995 845 1059 925 ipse
1073 845 1177 906 eodem

103 929 242 991 omnibus
264 929 357 1010 copiis
379 930 575 991 contenderet
596 939 625 990 et
646 937 757 990 mutato
779 929 885 990 itinere
907 930 984 1009 iugis
1003 929 1177 1010 Octogesam
1256 969 1258 973 ψ

101 1015 279 1096 perveniret.
309 1014 476 1075 Hunorum
488 1014 608 1094 obliquo
623 1015 730 1075 itinere
745 1015 848 1076 cetrati
863 1022 1008 1094 peterent,
1023 1015 1178 1095 conspica-

102 1110 151 1162 tus
173 1100 321 1179 equitatus
335 1099 466 1161 Caesaris
480 1099 511 1160 in
535 1099 665 1161 cohortis
685 1099 827 1179 impeturn
841 1100 925 1175 fecit3
950 1118 1005 1160 nec
1027 1100 1179 1160 minimam

102 1192 217 1266 partem
231 1184 374 1264 temporis
388 1185 521 1263 equiturn
535 1185 594 1246 vim
605 1185 708 1245 cetrati
722 1184 869 1246 sustinere
883 1192 1046 1264 potuerunt
1060 1203 1179 1245 omnes-

104 1289 163 1350 que
177 1269 214 1330 ab
230 1270 272 1331 eis
293 1269 485 1334 circumventi
501 1270 531 1330 iu
555 1276 718 1350 conspectu
739 1270 894 1349 utriusque
917 1270 1064 1332 exercitus
1085 1270 1179 1330 inter·

105 1356 255 1418 ficiuntur.

190 1436 242 1505 71.
266 1439 337 1500 Erat
358 1439 474 1500 occasio
498 1439 573 1500 bene
595 1440 742 1519 gerendae
764 1440 817 1500 rei.
847 1440 950 1519 Neque
970 1458 1040 1500 vero
1061 1439 1090 1500 id
1107 1438 1179 1500 Cae-

101 1544 200 1587 sarem
215 1525 359 1604 fugiebat,
381 1532 464 1585 tanto
482 1524 537 1586 sub
553 1525 647 1586 oculis
661 1532 782 1605 accepto
797 1525 975 1605 detrimento
990 1525 1181 1605 perterritum

105 1610 267 1671 exercitum
282 1610 429 1670 sustinere
446 1628 507 1670 non
519 1629 616 1689 posse,
631 1610 806 1690 praesertim
820 1609 1034 1671 circumdatum
1048 1610 1180 1686 undique

105 1695 248 1773 equitatu,
264 1713 331 1754 cum
343 1695 374 1754 in
385 1694 452 1755 loco
468 1712 562 1772 aequo
579 1703 666 1773 atque
682 1703 784 1775 aperto
800 1695 1025 1773 confligeretur:
1041 1694 1129 1772 idque
1145 1711 1180 1753 ex

106 1779 246 1840 omnibus
260 1778 395 1859 partibus
405 1779 442 1839 ab
454 1797 490 1839 eo
502 1779 697 1858 flagitabatur.
727 1778 954 1840 Concurrebant
963 1779 1060 1859 legati,
1077 1785 1181 1838 centu·
1203 1784 1218 1834 2

105 1866 207 1926 riones
228 1863 401 1940 tribunique
422 1862 562 1923 rnilitum:
586 1863 629 1924 Ne
651 1863 799 1924 dubitaret
820 1864 967 1942 proelium
988 1864 1180 1924 committere.

108 1949 250 2010 Omnium
271 1966 336 2008 esse
356 1946 483 2008 militum
504 1948 706 2027 paratissimos
728 1948 849 2008 animos
880 1948 1057 2008 Afranianos
1079 1956 1181 2008 contra
1203 1955 1217 2004 3

107 2034 207 2094 multis
221 2031 312 2093 rebus
327 2033 373 2092 sui
387 2032 502 2093 timoris
517 2033 600 2112 signa
615 2034 744 2094 misisse:
768 2033 847 2112 quod
870 2034 932 2094 suis
948 2053 1008 2094 nou
1028 2032 1182 2093 subvenis-

106 2126 189 2192 sent,
212 2118 292 2196 quod
307 2118 343 2177 de
358 2117 433 2178 colle
448 2137 510 2179 non
526 2118 720 2192 decederent,
736 2118 815 2197 quod
830 2118 877 2178 vix
892 2119 1024 2196 equitum
1045 2118 1183 2178 incursus

107 2203 288 2265 sustinerent
303 2202 475 2282 collatisque
490 2203 521 2264 in
537 2222 631 2265 unum
649 2204 749 2265 locum
763 2203 856 2283 signis
871 2204 997 2282 conferti
1020 2221 1117 2282 neque
1133 2221 1182 2262 or-

107 2353 243 2406 versucbte
266 2368 307 2414 es,
334 2353 396 2404 aber
412 2349 569 2419 vergeblich.
586 2382 621 2391 -
671 2353 749 2405 Felde
768 2351 823 2414 tder
839 2369 861 2405 c.
873 2357 942 2417 ῖο,3
961 2354 1110 2406 erwihnten
1123 2353 1184 2419 pla-

107 2439 143 2473 ca·
158 2424 265 2487 mugnis
281 2423 407 2486 ruptim:
427 2437 479 2472 von
498 2420 548 2472 deu
565 2420 622 2473 Fel-
671 2423 764 2485 m'oiec)
774 2420 906 2488 gehdmpft
918 2421 1014 2488 wiarde,
1031 2420 1121 2473 sobald
1139 2420 1184 2471 der

108 2505 155 2542 sen
172 2504 227 2555 aus,
244 2487 323 2540 durch
336 2488 377 2541 die
395 2503 422 2540 er
440 2489 506 2541 nach
518 2505 540 2540 c.
553 2491 621 2551 68,2
672 2488 879 2555 Feindgeudtigt
890 2491 967 2554 wire,
983 2505 1035 2543 von
1048 2489 1092 2540 der
1103 2488 1184 2551 hoho,

108 2556 215 2622 dringen
237 2555 344 2619 mulete,
369 2555 420 2608 und
442 2557 468 2607 in
493 2556 623 2609 unmiltel·
673 2557 718 2609 auf
731 2556 776 2608 der
790 2572 817 2608 er
828 2555 883 2608 sich
892 2557 1105 2609 voraussichtlich
1113 2555 1185 2606 nicht

107 2625 196 2676 barem
207 2622 346 2675 Auschluls
362 2639 395 2674 an
413 2623 557 2676 dieselben:
575 2638 622 2676 aus
673 2623 762 2676 wdrde
779 2623 867 2675 hulten
888 2623 990 2675 konnen
1002 2624 1029 2691 (ᾗ
1043 2628 1078 2688 4),
1096 2624 1185 2674 herab-

110 2691 160 2743 den
178 2690 270 2742 Felseu
287 2690 504 2756 herausgetreten.
522 2691 550 2745 S.
560 2695 584 2756 3,
598 2694 622 2756 2,
673 2691 834 2744 zulrommen
856 2720 890 2728 -
917 2690 999 2758 idque
1021 2690 1132 2743 niamlich
1154 2695 1186 2742 ut

111 2762 140 2811 3:
156 2761 252 2824 gravae
263 2762 423 2809 auctumnus
433 2761 464 2808 in
475 2759 577 2824 Apulia
588 2785 623 2796 -
659 2761 874 2824 ,confligerelua

109 2844 146 2877 ea:
156 2828 341 2877 saluberrimis
356 2825 459 2876 Galliac
469 2828 624 2889 regriouibm
708 2830 732 2879 2.
757 2828 942 2892 tribunique:
970 2827 1012 2878 bei
1042 2827 1094 2878 drei
1125 2826 1187 2878 oder

111 2910 214 2946 omnem
225 2895 373 2945 euucitum
389 2893 543 2943 valetudiue
560 2897 624 2942 tun-
673 2895 806 2946 mehreren
818 2894 902 2946 neben
916 2895 1035 2946 einander
1044 2892 1185 2946 stehenden

110 2966 242 3030 ptaoerat.
260 2964 284 3026 2,
304 2963 345 3026 14,
365 2964 391 3013 l:
411 2977 445 3010 ea:
462 2961 567 3010 diutim
586 2961 623 3010 lo-
673 2960 792 3015 Wbrteru
811 2960 916 3013 werden
928 2962 1057 3014 entweder
1074 2962 1124 3013 alle
1140 2961 1187 3011 mit

112 3033 175 3082 bore
192 3059 225 3068 -
243 3031 328 3096 quieti
344 3045 372 3078 oe
390 3029 509 3081 dedisset.
546 3026 624 3079 Nicht
674 3034 701 3080 ef
718 3029 780 3081 oder
797 3046 831 3081 ae
854 3028 1002 3082 verbunden
1028 3029 1090 3081 oder
1115 3029 1186 3081 dieue

111 3097 203 3151 anders
219 3114 254 3148 cu
267 3101 401 3163 praehere
421 3099 444 3162 1,
464 3098 503 3160 14,
522 3099 546 3148 4.
674 3097 807 3149 Partilrelu
825 3097 929 3149 bleiben
946 3096 1044 3148 uberali
1068 3112 1134 3163 weg,
1158 3111 1186 3149 es

146 3170 170 3219 4.
187 3180 287 3230 magno
312 3180 392 3216 eursu
416 3167 579 3216 concitatos:
603 3179 624 3215 c.
676 3165 714 3217 sei
733 3165 808 3229 deun,
829 3163 885 3216 dass
903 3165 967 3216 zwei
986 3164 1030 3216 der
1042 3165 1144 3217 Wdrter
1160 3165 1187 3216 in

113 3236 155 3299 79,
164 3237 196 3285 4:
215 3235 324 3283 incitati
335 3248 423 3283 cursu
435 3261 469 3269 —
480 3235 561 3298 iugis,
574 3232 626 3284 wie
676 3232 813 3300 Vergleich
827 3233 873 3284 mit
885 3232 934 3285 den
946 3232 1042 3284 audem
1054 3249 1101 3286 nur
1112 3234 1187 3286 einen

114 3317 136 3353 c.
149 3303 190 3362 40,
211 3303 238 3352 l:
258 3302 299 3350 his
309 3303 445 3367 pontibus.
461 3299 490 3352 B.
504 3299 533 3354 G.
547 3305 571 3366 7,
583 3304 627 3366 45,
676 3301 777 3368 Begriff
785 3300 880 3353 bilden.
907 3300 1028 3368 Dagegen
1040 3301 1104 3354 wird
1117 3302 1188 3354 nicht

112 3373 144 3421 5:
163 3367 253 3418 codem
268 3370 334 3431 iugo
351 3370 443 3419 mittit.
677 3369 761 3423 selten
779 3386 830 3436 que
847 3369 995 3436 gebraucht,
1016 3386 1059 3422 um
1077 3370 1118 3422 die
1135 3370 1189 3422 bei-

61 3444 64 3449 '
148 3435 231 3490 441.
253 3433 346 3500 Neque
361 3451 438 3507 coro:
460 3437 512 3488 und
534 3437 561 3489 iu
583 3436 628 3489 der
678 3438 728 3490 den
745 3438 840 3490 letzten
859 3437 960 3490 Glieder
982 3453 1014 3490 zu
1034 3438 1186 3498 verbiuden3

113 3503 182 3556 'l'hat
205 3502 284 3555 nicht.
311 3531 345 3540 —
370 3504 401 3553 id
416 3503 467 3555 den
489 3504 628 3572 folgenden
679 3523 701 3558 z.
719 3505 748 3557 B.
767 3506 832 3557 auch
850 3509 874 3571 2,
895 3510 917 3570 l,
939 3509 959 3558 l.

43 3594 48 3599 ·
115 3571 184 3624 Sata,
201 3568 390 3637 ankfiudigend.
416 3599 450 3608 -—
475 3575 522 3623 cub
542 3574 627 3625 oculis
713 3579 736 3628 3.
754 3578 832 3640 εἰςηα
848 3576 951 3625 mirobeo
966 3600 1001 3620 =
1017 3574 1139 3635 edidisse,
1157 3574 1189 3624 ti-

114 3638 241 3692 uaturlich
258 3653 306 3690 nur
323 3639 459 3689 cumulus
470 3639 627 3706 Afraniani,
678 3657 775 3695 rnorem
793 3641 960 3708 significasse.
978 3671 1012 3680 -
1035 3642 1189 3705 collatisque

114 3708 243 3760 nichteub
262 3722 307 3758 oc.
325 3709 478 3768 omnium,
497 3709 629 3759 nochwe·
677 3714 707 3761 in
730 3725 813 3760 unum
837 3711 924 3761 locum
940 3706 1041 3775 signio:
1070 3708 1130 3759 weil
1152 3708 1189 3759 sie

115 3775 188 3841 niger
207 3776 381 3828 0114114141.-
397 3777 530 3825 entiam
546 3775 627 3829 absol.
679 3778 734 3829 sich
745 3791 1010 3843 zusammengezogen
1027 3777 1115 3827 hatten
1128 3778 1191 3841 (atg-

115 3842 167 3895 wie
183 3859 206 3895 c.
225 3847 266 3908 64,
285 3848 308 3897 5.
326 3872 360 3880 -
379 3858 438 3894 cum
451 3871 484 3881 -
503 3844 628 3908 conflige-
678 3847 722 3895 nis
739 3845 853 3910 collatis)
874 3843 926 3896 und
944 3844 990 3895 auf
1006 3843 1080 3895 einen
1092 3841 1191 3896 llaufeu

115 3915 293 3963 νοέω-11141111
306 3911 351 3964 auf
362 3909 628 3964 ebenemundfreiem
680 3913 952 3979 zusammengedringt
993 3925 1079 3964 waren
1119 3914 1191 3978 (cou-
