2626 4416
140 232 181 295 92
372 203 375 207 ’
535 235 578 287 nn
595 233 697 287 nnuc
716 233 807 308 cunr

140 409 312 472 adversariis
327 409 363 469 ad
378 408 555 488 supplicium
576 408 709 482 tradant,
737 408 880 469 obsecrat.
912 407 959 468 Fit
979 407 1212 495 celeriterscon·

101 505 117 556 2
138 514 244 557 cursus
265 495 296 555 in
318 493 509 574 praetorium.
540 492 688 567 Postulat,
711 501 743 553 ut
765 493 866 553 iurent
880 511 984 553 omncs
1000 512 1031 553 se
1048 493 1211 554 exercitum

139 580 288 659 ducesque
303 598 366 640 non
381 578 551 640 deserturos
566 596 662 656 neque
678 577 848 657 prodituros
863 596 960 657 neque
975 578 1030 639 sibi
1052 577 1212 658 separatim

101 676 116 724 3
137 683 153 724 a
168 666 291 744 rehquis
306 663 463 726 consilium
474 673 622 743 capturos
644 662 788 742 Princeps
804 664 834 723 in
849 664 924 738 haec
934 661 1024 723 verba
1039 663 1115 724 iurat
1129 663 1211 743 ipse;

138 750 217 810 idem
227 750 431 809 iusiurandum
444 748 533 827 adigit
544 747 714 823 Afranium3
726 747 949 827 subsequuntur
960 747 1072 809 tribuni
1083 748 1210 809 militum

100 845 116 895 t
137 834 404 912 centurionesque;
431 832 619 894 centuriatim
634 833 770 912 producti
786 833 893 894 milites
906 834 985 895 idem
999 833 1108 894 iurant.
1138 832 1210 894 Edi-

138 927 219 994 cunt,
234 935 329 998 penes
340 937 429 997 quem
441 919 566 997 quisquc
583 918 622 979 sit
633 917 765 979 Caesaris
774 918 868 993 miles,
884 927 916 979 ut
927 919 1122 998 producatur:
1139 936 1210 998 pro-

138 1004 243 1065 ductos
267 1004 363 1084 palam
384 1003 416 1064 in
438 1003 587 1083 praetorio
610 1003 803 1063 interficiunt.
834 1004 891 1064 Sed
913 1004 1071 1083 plerosque
1095 1003 1130 1076 ii,
1159 1004 1210 1082 qui

101 1097 115 1147 5
136 1098 326 1169 receperant,
353 1088 452 1148 celant
474 1096 625 1166 noctuque
646 1106 701 1167 per
720 1088 828 1148 vallum
849 1089 996 1150 emittunt.
1026 1087 1075 1149 Sic
1094 1097 1211 1149 terrore

138 1175 235 1236 oblato
251 1194 268 1234 a
283 1173 407 1234 ducibus
422 1173 578 1234 crudelitas
593 1173 624 1233 in
640 1172 794 1253 supplicio,
811 1192 884 1234 nova
900 1174 1003 1252 religio
1018 1173 1211 1246 iurisiurandi

137 1278 221 1340 spem
235 1258 402 1339 praesentis
415 1257 574 1320 deditionis
588 1258 708 1319 sustulit
721 1266 896 1337 mentesque
916 1259 1042 1320 militum
1065 1258 1211 1319 convertit

138 1355 167 1405 et
181 1363 246 1404 rem
261 1345 296 1403 ad
311 1343 466 1422 pristinam
481 1343 710 1404 belli-rationem
724 1342 847 1422 redegit.

223 1425 278 1492 77.
302 1427 416 1501 Caesar,
432 1428 482 1506 qui
497 1428 604 1489 milites
618 1428 852 1489 adversariorum
866 1429 896 1489 in
913 1437 1009 1490 castra
1023 1447 1078 1509 per
1091 1437 1210 1509 tempus

137 1513 276 1592 colloquii
291 1521 451 1586 venerant,
477 1531 590 1574 summa
612 1512 763 1591 diligentia
784 1513 923 1592 conquiri
944 1522 972 1574 et
992 1514 1103 1575 remitti
1117 1513 1209 1574 iubet.

100 1603 115 1653 2
137 1599 195 1660 Sed
216 1618 252 1659 ex
273 1616 398 1659 numero
420 1597 610 1658 tribunorum
630 1598 757 1659 militum
777 1599 1045 1678 centurionumque
1072 1599 1209 1659 nonnulli

137 1702 189 1745 sua
200 1683 350 1744 voluntate
361 1683 438 1762 apud
451 1701 520 1742 eum
530 1693 747 1745 remanserunt.
777 1683 860 1755 Quos
875 1684 923 1744 ille
938 1693 1040 1763 postea
1055 1702 1162 1763 magno
1177 1684 1209 1744 in

135 1770 250 1830 honore
265 1767 385 1842 habuit;
401 1768 593 1829 centuriones
608 1768 638 1828 in
654 1768 771 1848 priores
786 1769 914 1844 ordines,
931 1769 1044 1848 equites
1059 1770 1210 1830 Romanos

136 1854 167 1916 in
182 1852 377 1939 tribunicium
390 1853 519 1913 restituit
532 1854 687 1914 honorem.

221 1933 278 2002 78.
301 1938 516 1999 Premebantur
530 1939 682 2001 Afraniani
698 1938 896 2018 pabulatione,
912 1938 1096 2017 aquabantur
1111 1957 1208 2019 aegre.

135 2023 288 2085 Frumenti
305 2023 420 2103 copiam
435 2022 589 2101 legionarii
611 2024 784 2084 nonnullam
807 2022 970 2099 habebant,
993 2025 1071 2103 quod
1093 2024 1209 2085 dierum

135 2128 194 2168 xxn
209 2107 245 2167 ab
261 2108 355 2168 lierda
368 2108 552 2168 frumentum
566 2109 638 2193 iussi
653 2116 737 2169 erant
748 2108 864 2182 efferre,
881 2108 984 2170 cetrati
995 2109 1208 2188 auxiliaresque

134 2278 164 2325 iu
184 2275 366 2339 praetorium,
389 2273 436 2325 das
457 2273 647 2327 Feldherrnzelt
698 2274 739 2327 die
748 2273 878 2327 Tribunen
887 2276 975 2328 hatten
984 2274 1136 2342 Ritterrang,
1147 2277 1208 2331 aher

134 2340 186 2394 und
199 2342 244 2392 der
261 2356 304 2392 um
317 2340 435 2394 dasselbe
453 2341 501 2394 frei
513 2341 646 2408 gelassene
697 2342 769 2394 nicht
792 2343 842 2395 alle
860 2342 943 2396 Ritter
964 2343 999 2395 im
1017 2343 1097 2396 Heere
1119 2359 1207 2396 waren

134 2408 215 2462 Platz.
697 2409 840 2463 Tribunen:
854 2409 882 2461 B.
893 2410 921 2463 G.
933 2414 956 2476 t,
967 2415 1008 2478 65,
1019 2416 1047 2464 5;
1063 2429 1079 2462 a
1090 2414 1208 2463 11151ιηί5

168 2482 193 2531 2.
204 2476 333 2540 Postulat,
351 2481 383 2526 ut
394 2479 485 2527 iurent
496 2492 600 2527 omues:
619 2493 646 2530 er
695 2479 812 2529 militum
829 2478 993 2545 reliquisque
1010 2482 1144 2545 equitibus
1157 2479 1209 2533 Ile·

133 2544 194 2598 torst
212 2544 253 2596 die
276 2544 451 2597 schwanlrend
473 2544 646 2611 gewordenen
696 2548 784 2598 mauis
801 2551 882 2612 utque
894 2551 1009 2598 euocatis
1026 2564 1106 2613 equos
1117 2551 1211 2617 sumit·

134 2613 258 2666 Soldaten
275 2611 332 2665 auls
350 2613 571 2678 herembrachen,
589 2628 645 2666 was
696 2613 818 2666 Dennoch
835 2614 934 2667 konnte
947 2615 1022 2669 Gdsar
1040 2615 1094 2668 hier
1106 2619 1209 2682 equites

133 2682 200 2734 auch
217 2685 291 2733 sonst
307 2681 334 2732 in
355 2680 490 2734 dbnlichen
508 2681 595 2733 Fbllen
613 2697 646 2737 zu
694 2681 811 2734 Romani
821 2683 862 2734 1111
871 2685 976 2735 tutuno
983 2698 1070 2750 sagea,
1083 2684 1144 2736 weil
1152 2685 1208 2736 hier

132 2749 277 2870 peschehen
295 2749 411 2816 pflegte„
434 2749 459 2803 S.
473 2752 497 2815 3,
512 2753 551 2815 13,
563 2752 643 2810 2-4;
696 2766 744 2802 nur
760 2766 812 2802 von
825 2752 995 2804 Centurionen
1012 2751 1065 2803 und
1077 2751 1208 2805 Tribuneu

152 2819 186 2871 ir.
200 2820 242 2883 38,
260 2819 306 2878 29;
326 2816 393 2868 Ρ1111.
407 2815 470 2869 Sull.
484 2819 525 2870 27.
543 2845 577 2856 -
593 2820 646 2869 ridi
696 2818 737 2870 die
755 2818 826 2871 Rede
843 2819 885 2873 ist.

132 2914 165 2924 -
184 2885 326 2938 consillum
343 2891 482 2951 caphereu-
502 2890 524 2949 1,
544 2888 566 2949 1,
585 2889 609 2939 3.
729 2886 1208 2953 78.1.Prearcbanturpadulutioue,

166 2958 190 3008 3.
197 2955 268 3007 idom
276 2952 467 3005 iusiurandum
473 2951 645 3018 adipum.-
695 2953 746 3006 wie
764 2953 792 3006 B.
803 2954 832 3007 G.
845 2959 869 3016 5,
879 2957 921 3020 18,
931 2957 958 3006 51
976 2970 1006 3004 re
1022 2952 1206 3015 frumentaria

131 3021 192 3074 lirist
209 3022 253 3074 ihu
266 3022 402 3074 schwdren
415 3021 513 3088 (bringt
529 3020 574 3075 ihn
584 3037 644 3074 zum
690 3026 824 3087 premi=
833 3024 998 3074 luborabunt.
1022 3022 1056 3074 Es
1069 3024 1138 3075 steht
1150 3022 1206 3076 also

132 3088 291 3154 Schwdren),
309 3090 359 3141 wie
377 3092 401 3155 2,
422 3092 462 3156 18,
480 3092 508 3149 5;
527 3088 643 3155 dagegen
694 3089 749 3142 hier
761 3090 803 3142 bei
810 3092 899 3156 premi
911 3089 1047 3142 derAblat.
1061 3090 1105 3143 der
1115 3089 1207 3156 Sache,
1228 3139 1232 3146 .

130 3156 159 3209 B.
170 3155 284 3222 (1.1,67,
297 3161 323 3209 1:
338 3159 447 3221 adigere
458 3159 645 3224 iureiurando,
694 3158 721 3208 iu
739 3157 838 3210 Betreff
856 3157 968 3209 welcber
990 3158 1031 3210 die
1048 3157 1207 3226 Bedrfingnis

131 3230 204 3277 sonst
225 3225 291 3275 auch
309 3225 346 3275 ad
361 3226 559 3278 iusiurandum.
594 3225 644 3278 Der
694 3224 850 3289 statttindet,
874 3225 996 3276 wibrend
1017 3231 1089 3279 sonst
1107 3225 1153 3279 das
1170 3228 1207 3279 ei-

131 3291 253 3413 doppelte
262 3290 353 3344 Aecus.
366 3292 402 3345 ist
413 3293 506 3358 analog
519 3292 643 3346 115111511-
694 3292 823 3358 gentliche
834 3293 1014 3359 bedringende
1027 3281 1091 3346 [lbet
1103 3294 1137 3346 irn
1147 3294 1205 3347 11111

130 3364 183 3412 stru
204 3359 259 3411 tion
277 3358 321 3410 der
339 3360 386 3411 mit
403 3362 518 3424 circum,
531 3365 643 3425 praeter
694 3361 776 3423 steht,
794 3361 844 3412 wie
858 3360 955 3427 pabuli
971 3364 1078 3428 inopia,
1096 3366 1207 3414 cucumis

130 3426 183 3480 und
200 3427 253 3478 hes.
268 3430 345 3477 treus
361 3431 643 3493 zusammengesetzten
693 3430 885 3494 augustiis&
907 3431 945 3495 15,
963 3432 1002 3494 31,
1028 3447 1090 3481 eme
1116 3431 1206 3483 alieno

129 3494 214 3548 Verba
223 3495 332 3559 (milites
339 3495 438 3558 llumeu
447 3498 557 3560 traicit).
573 3494 642 3547 Ganz
694 3513 719 3549 u.
737 3496 788 3562 dgl.
807 3526 841 3534 -
859 3497 963 3549 dimum
979 3498 1070 3551 XXII:
1103 3497 1141 3550 Da
1159 3498 1206 3565 dps

130 3563 233 3616 iihnlich
250 3562 360 3628 adegere
375 3563 492 3629 aliquem
508 3566 643 3615 arbitrum
693 3562 759 3616 lleer
776 3564 821 3617 des
836 3564 956 3618 1111511155
973 3581 1020 3619 aus
1038 3570 1071 3618 50
1082 3566 1206 3632 Legione-

128 3658 164 3679 =
180 3631 213 3683 ad
237 3631 372 3684 arbitrum:
401 3647 447 3683 vor
471 3631 520 3684 den
538 3631 643 3684 Richter
694 3631 819 3687 kohorten
841 3633 894 3686 und
913 3635 946 3688 80
962 3633 1206 3691 Auxiliarkohorten

129 3701 251 3768 bringen,
272 3715 294 3753 c.
313 3697 342 3751 B.
361 3697 412 3754 Cic.
432 3698 479 3751 Off.
497 3702 522 3765 3,
542 3701 582 3765 16,
601 3703 641 3753 66.
693 3700 1205 3767 151515000115115111115515111,1111165

163 3772 187 3821 5.
201 3770 367 3835 praesectis:
386 3784 407 3820 c.
426 3769 468 3833 29,
487 3771 510 3820 1.
694 3769 743 3821 seit
755 3767 813 3821 dem
822 3769 977 3823 husmarsch
989 3769 1124 3822 ausllerda
1137 3772 1205 3824 noch
1277 3779 1279 3785 '

162 3836 203 3891 tr.
215 3839 239 3889 2.
256 3852 355 3902 magno
368 3838 398 3887 iu
416 3837 516 3888 bonore
533 3836 642 3887 lubuit.-
693 3836 764 3890 nicht
776 3836 821 3888 der
832 3837 914 3889 vierte
923 3835 1128 3903 Tagrerssossen
1141 3854 1204 3904 war,

127 3902 157 3956 B.
168 3903 197 3958 G.
209 3908 232 3970 t,
244 3906 285 3971 16,
298 3910 322 3959 6.
335 3933 369 3944 -
381 3907 482 3970 equites
492 3903 642 3957 Ilonwnor:
693 3919 723 3958 so
735 3904 824 3958 udrde
836 3905 880 3957 der
891 3903 995 3972 Mangel
1007 3905 1079 3958 nicht
1091 3920 1121 3958 so
1134 3906 1204 3973 gross
1274 3947 1278 3953 .
