2626 4416
98 2232 148 2414 g

603 251 641 306 nr.
660 253 769 304 ar-aa
1163 246 1224 309 aba

152 426 302 488 onerarias
324 426 463 504 quasdam
485 433 590 486 nactus
611 424 745 486 incendit
765 433 795 484 et
808 442 899 486 unam
921 424 1072 485 frumento
1089 433 1226 487 onustam

152 511 272 573 abduxit
284 528 485 590 magnumque
505 509 616 571 nostris
639 517 785 572 terrorem
805 509 907 570 iniecit
927 516 957 570 et
978 517 1069 570 noctu
1084 510 1227 573 militibus

152 617 185 658 ac
210 596 366 675 sagittariis
392 596 423 657 in
449 602 559 656 terram
586 594 726 673 expositis
756 594 935 673 praesidium
962 595 1096 673 equitum
1120 595 1227 657 deiecit

152 693 181 744 et
205 681 277 742 adeo
304 681 361 742 loci
389 680 611 760 opportunitate
633 679 774 759 proiecit,
796 678 840 740 uti
862 680 897 741 ad
920 680 1094 758 Pompeium
1115 680 1229 742 litteras
1249 689 1264 738 a

150 767 294 841 mitteret,
316 784 406 827 naves
420 765 564 843 reliquas,
580 765 605 825 si
618 763 720 838 vellet,
741 762 867 825 subduci
882 772 911 824 ct
925 765 1004 826 refici
1022 764 1153 828 iuberet:
1172 784 1225 827 sna

151 854 243 914 classe
259 850 365 913 auxilia
380 867 445 911 sese
461 849 593 911 Caesaris
607 848 837 928 prohibiturum.

236 932 293 1000 24.
316 934 387 995 Erat
402 954 437 995 eo
452 944 587 1014 tempore
602 934 750 995 Antonius
759 933 924 1009 andisii;
940 933 965 995 is
979 933 1085 994 virtute
1101 935 1225 997 militum

152 1021 283 1082 conlisus
297 1020 420 1101 scaphas
442 1020 560 1080 navium
580 1036 754 1098 magnarum
776 1018 894 1080 circiter
908 1037 945 1080 nx
960 1018 1090 1080 cratibus
1104 1019 1226 1098 pluteis·

153 1124 211 1184 que
227 1104 359 1166 contexit
374 1123 468 1184 eoque
487 1104 595 1167 milites
618 1105 748 1165 delectos
771 1103 911 1183 imposuit
925 1111 1013 1184 atquc
1029 1122 1078 1165 eas
1093 1103 1125 1165 in
1140 1104 1226 1165 litore

151 1190 289 1269 pluribus
303 1189 376 1251 locis
390 1190 547 1269 separatim
561 1190 709 1270 disposuit
723 1208 871 1268 naresque
890 1189 1026 1251 triremes
1042 1189 1130 1263 duas,
1153 1207 1226 1268 quas

152 1275 293 1336 Brundisi
302 1274 450 1337 faciendas
462 1285 622 1350 curaverat,
637 1293 692 1355 per
707 1294 824 1337 oausam
836 1275 1070 1336 exercendorum
1082 1274 1228 1354 remigum

152 1362 187 1422 ad
203 1361 302 1422 fauces
317 1368 424 1440 portus
444 1361 565 1440 prodire
588 1361 681 1422 iussit.
725 1361 785 1421 Has
806 1379 874 1421 cum
897 1359 1035 1422 audacius
1057 1377 1229 1440 progressas
1250 1368 1265 1418 2

153 1444 227 1506 hibo
242 1446 371 1520 vidisset,
387 1464 512 1525 sperans
526 1445 665 1525 intercipi
681 1463 768 1524 posse
784 1444 987 1523 quadriremes
997 1463 1015 1504 v
1026 1446 1061 1506 ad
1075 1463 1125 1506 eas
1138 1445 1228 1506 misit.

152 1530 235 1601 Quae
251 1549 319 1591 cum
335 1529 460 1591 navibus
475 1530 584 1592 nostris
599 1531 905 1610 appropinquassent,
929 1530 1023 1590 nostri
1043 1530 1176 1591 veterani
1197 1530 1228 1591 in

152 1624 273 1694 portum
295 1614 496 1694 refugiebant;
519 1615 561 1676 illi
585 1615 682 1677 studio
708 1615 823 1676 incitati
845 1615 991 1676 incautius
1017 1614 1229 1694 sequebantur.

152 1700 264 1761 lamen
280 1700 420 1761 omnibus
441 1699 576 1780 partibus
596 1700 694 1761 subito
711 1701 898 1761 Antonianae
913 1700 1039 1778 scaphae
1060 1699 1147 1779 signo
1162 1700 1230 1760 dato
1251 1711 1266 1760 3

153 1805 184 1846 se
198 1785 230 1845 in
252 1787 353 1847 hostes
375 1785 573 1846 incitaverunt
594 1786 750 1865 primoque
766 1786 879 1865 impetu
894 1802 983 1846 unam
998 1803 1034 1844 ex
1047 1784 1094 1845 his
1109 1784 1230 1864 quadri·

153 1888 266 1931 remem
280 1889 348 1930 cum
364 1869 526 1950 remigibus
548 1869 813 1953 defensoribusque
835 1870 896 1931 suis
918 1877 1078 1948 ceperunt,
1101 1870 1230 1949 reliquas

154 1955 281 2034 turpiter
303 1956 441 2034 refugere
464 1963 636 2035 coegerunt.
666 1956 709 2015 dd
731 1955 789 2016 hoc
804 1954 1015 2016 detrimentum
1037 1955 1175 2029 accessit,
1197 1962 1231 2015 ut
1252 1966 1267 2016 4

154 2038 304 2118 equitibus
320 2058 374 2118 per
389 2058 472 2100 oram
487 2041 664 2101 maritimam
679 2039 715 2101 ab
730 2040 862 2102 Antonio
877 2039 1025 2119 dispositis
1041 2041 1145 2119 aquari
1159 2057 1231 2119 pro-

153 2124 338 2185 hiberentur.
369 2125 434 2195 Qua
446 2126 621 2187 necessitate
633 2134 662 2187 et
673 2126 836 2206 ignominia
847 2133 1000 2205 permotus
1011 2124 1086 2186 Libo
1099 2124 1233 2187 discessit

154 2227 170 2268 a
186 2210 343 2270 Brundisio
360 2210 622 2290 obsessionemque
637 2221 810 2273 nostrorum
825 2211 932 2272 omisit.

238 2290 296 2359 25.
319 2293 403 2356 Multi
416 2295 472 2357 iam
484 2315 602 2358 menses
618 2304 703 2357 erant
714 2304 744 2357 et
754 2295 848 2357 hiems
863 2294 1115 2376 praecipitaverat,
1132 2312 1230 2374 neque

152 2379 311 2443 Brundisio
335 2399 423 2442 naves
444 2381 636 2461 legionesque
659 2383 695 2443 ad
711 2381 865 2442 Caesarem
887 2380 1053 2442 veniebant.
1091 2379 1133 2439 dc
1152 2399 1231 2441 non-

153 2465 252 2525 nullae
268 2466 331 2526 eius
343 2467 386 2527 rei
398 2468 622 2545 praetermissae
638 2466 811 2528 occasiones
823 2466 938 2528 Caesari
948 2464 1134 2538 ridebantur,
1151 2464 1231 2543 quod

155 2633 183 2691 3;
202 2633 243 2693 21,
262 2633 286 2683 4.
310 2660 344 2669 -
361 2632 472 2683 duectt:
492 2633 604 2685 vertrieb
628 2633 667 2685 sie
721 2633 756 2683 im
768 2631 870 2697 Anfang
888 2631 934 2683 des
946 2629 1093 2683 November
1110 2630 1142 2690 (c.
1156 2632 1179 2691 d,
1192 2631 1231 2694 2);

155 2712 201 2749 aus
218 2697 300 2749 ihrem
318 2698 424 2750 Posten:
444 2701 501 2751 loeo
520 2700 623 2767 depulit
641 2716 663 2754 c.
717 2700 785 2763 jetzt
802 2713 856 2750 war
874 2698 993 2750 Februar.
1020 2695 1080 2748 Bais
1098 2695 1138 2748 hir
1155 2697 1233 2750 Gdsar

157 2768 199 2830 52,
217 2768 241 2818 2.
721 2767 762 2820 dle
775 2766 932 2819 inzwischen
943 2764 1077 2817 verlorene
1093 2763 1162 2830 oder,
1181 2766 1233 2817 wie

189 2830 453 2888 2111111111ιί11.
484 2834 561 2886 (iasar
578 2835 668 2902 pllegt‚
720 2851 748 2887 er
771 2835 882 2900 memte,
910 2833 1045 2898 unndtiger
1067 2831 1154 2884 Weise
1175 2847 1232 2884 ver-

154 2916 230 2953 wenn
249 2916 277 2953 er
294 2900 369 2953 einen
381 2900 534 2953 Mannlmrz
552 2902 669 2954 erwihnt
721 2905 820 2955 siumte
842 2902 898 2954 Zeit
922 2902 1023 2952 multe·
1043 2916 1144 2952 mererer
1166 2900 1233 2966 sind,

155 2969 206 3021 und
219 2969 286 3021 daun
301 2969 400 3038 zuldgt,
412 2984 468 3022 was
480 2969 564 3022 dieser
572 2970 669 3036 gethan
720 2970 789 3023 kann
801 2971 872 3022 nicht
881 2969 1012 3022 auslallen.
1024 2997 1058 3006 -
1067 2971 1163 3035 praeci
1181 2971 1233 3020 ita·

154 3037 206 3099 hat,
231 3036 280 3089 den
299 3024 526 3105 [lbergnng'nicht
546 3038 593 3090 mit
610 3036 669 3090 dem
719 3043 812 3090 uerat.-
836 3039 908 3090 hatte
929 3037 984 3090 sich
1008 3037 1088 3090 sehon
1112 3052 1144 3089 zu
1159 2983 1233 3089 finde

154 3103 315 3173 Relativnm,
339 3106 451 3158 sondern
474 3107 521 3158 mit
544 3106 602 3158 dem
620 3104 669 3159 Be·
720 3106 833 3173 geneigt.
862 3105 1016 3172 Verglichen
1041 3104 1106 3157 wind
1131 3104 1233 3157 dicad

153 3175 350 3226 monstrativum
361 3189 392 3225 zu
406 3173 502 3228 bilden.
522 3173 581 3241 Vgl.
592 3177 616 3239 2,
627 3177 668 3240 28,
720 3174 789 3227 Fam.
802 3177 841 3239 11,
851 3175 892 3239 28,
903 3179 931 3226 5:
945 3177 1033 3224 aetate
1040 3175 1231 3240 praecipitato.

157 3245 183 3300 1;
203 3244 227 3304 3,
239 3245 280 3307 39,
296 3247 320 3303 1;
341 3245 365 3307 3,
380 3245 436 3306 198,
455 3248 476 3295 l.
495 3272 529 3281 -
548 3245 668 3295 crutibroe
720 3241 794 3296 Ovid.
813 3241 891 3294 Trist.
911 3246 933 3307 1,
947 3244 971 3307 3,
984 3243 1031 3294 47:
1055 3257 1112 3292 noar
1124 3243 1232 3307 praece·-

154 3309 318 3374 plutec'rque:
344 3324 372 3361 er
389 3311 507 3363 schsrtzte
525 3311 566 3364 die
584 3310 667 3364 Boote
716 3313 816 3377 pitulo.
834 3308 927 3376 Hdufig
937 3324 967 3361 so
975 3325 1114 3376 praeceps,
1126 3311 1180 3361 bes.
1190 3309 1233 3361 bei

156 3391 188 3427 an
211 3375 261 3426 den
286 3375 373 3428 Seiten
401 3378 480 3431 durch
504 3378 668 3432 l'leehtwerk
719 3378 814 3442 Livius,
825 3395 847 3432 z.
857 3376 886 3430 B.
895 3383 920 3444 4,
930 3380 1011 3445 9,13;
1021 3380 1233 3445 praecipitatam

156 3441 208 3495 und
220 3442 409 3504 Bmstwehren.
422 3475 456 3484 —
473 3461 503 3497 eo
521 3473 555 3492 =
572 3448 599 3498 in
610 3462 667 3499 eas:
720 3447 779 3510 dim·
796 3450 838 3512 25,
851 3447 892 3511 34,
907 3449 952 3500 14:
967 3447 1116 3514 praecipita·
1129 3448 1184 3497 iam
1196 3445 1235 3496 ad

159 3514 181 3574 1,
194 3513 236 3576 19,
249 3513 273 3562 2.
288 3541 317 3549 -
326 3527 510 3577 percuterem:
522 3518 597 3566 unter
609 3514 667 3566 dem
720 3529 858 3582 vesperam
870 3515 920 3566 dic.
934 3516 1054 3582 -quod
1066 3517 1136 3565 certo
1146 3529 1233 3579 saepe.

156 3577 315 3642 Vorwande,
340 3580 390 3631 wie
414 3580 504 3632 immer
524 3581 568 3632 bei
591 3582 668 3633 (iasar
721 3581 797 3634 Gdsar
809 3583 925 3650 glanbte,
943 3582 997 3635 dals
1010 3583 1081 3634 scine
1093 3580 1232 3632 Feldherm

157 3662 208 3699 von
222 3648 305 3700 einem
317 3645 452 3714 fingierten
465 3648 581 3710 Grunde;
600 3664 620 3700 s.
636 3664 668 3701 zu
720 3650 827 3703 manche
850 3651 971 3718 gdnstige
994 3648 1161 3716 Gelegenbeit
1185 3662 1231 3699 zur

157 3730 179 3766 c.
198 3718 239 3782 16,
258 3719 285 3778 1;
305 3719 346 3782 87,
365 3719 393 3777 4;
412 3714 441 3768 B.
458 3715 488 3770 G.
507 3719 530 3779 7,
549 3718 575 3782 9,
595 3720 616 3768 1.
635 3746 668 3755 -
719 3705 857 3772 llberlahrt
884 3719 1027 3770 unbenutzt
1056 3717 1144 3768 hatten
1173 3730 1232 3766 vor-

156 3781 264 3843 succes.-
284 3787 306 3850 1,
319 3787 361 3850 25,
373 3789 397 3838 5.
719 3786 867 3854 dhergeheu
878 3786 977 3847 lassen;
997 3784 1065 3836 denn
1076 3784 1123 3835 das
1134 3782 1202 3834 ueni
1221 3811 1232 3820 -

191 3848 238 3907 21.
258 3856 281 3906 1.
300 3851 382 3904 Multi
392 3855 448 3904 dam
459 3868 561 3904 menses
578 3855 669 3903 munt:
720 3859 792 3906 stens
816 3853 892 3907 stand
914 3853 979 3917 lest,
1002 3851 1059 3904 dals
1083 3850 1121 3903 ost
1139 3797 1232 3903 winde

159 3918 208 3970 seit
232 3920 277 3972 der
298 3920 408 3974 Ablahrt
432 3937 483 3974 von
506 3918 669 3972 Brundisium
721 3922 825 3988 geweht
836 3922 933 3986 hatten,
947 3919 1028 3972 denen
1044 3919 1081 3972 sie
1094 3918 1148 3970 sich
1161 3919 1232 3971 wohl
