2626 4416
165 218 227 281 138
560 219 601 271 ltu
618 218 720 272 uultu
740 218 831 272 tlvltl

122 406 138 455 a
159 394 305 456 sederant.
334 392 397 454 llos
413 409 570 470 oppressos
585 409 691 452 somno
707 400 737 450 et
751 391 900 469 dispersos
915 391 1008 451 adorti
1026 410 1167 470 magnum
1182 410 1238 452 eo·

161 496 228 539 rum
250 495 406 539 numerum
428 476 626 551 interficiunt3
659 474 743 534 multi
764 475 915 554 perterriti
936 476 1121 555 profugiunt.
1166 475 1236 548 Quo

159 564 237 624 lacto
253 564 288 623 ad
303 561 463 624 Curionem
480 561 594 638 equites
611 567 802 621 revertuntur
823 560 1012 639 captivosque
1035 563 1070 622 ad
1094 580 1163 634 eum
1185 579 1237 620 re·

160 649 282 709 ducunt.

246 728 303 796 39.
328 729 415 791 Curio
439 749 508 790 cum
530 728 669 790 omnibus
691 729 784 807 copiis
806 735 910 807 quarta
932 729 1026 808 vigilia
1050 731 1160 792 exierat
1182 751 1237 793 co·

122 827 139 877 2
160 817 327 878 hortibusv
345 814 449 876 castris
470 814 615 895 praesidio
638 813 757 876 relictis.
793 813 972 892 Progressus
993 815 1071 875 milia
1093 834 1236 895 passuum

161 922 188 963 vr
203 902 316 980 equites
330 899 479 973 convenit,
495 918 559 960 rem
571 906 682 977 gestam
698 898 846 977 cognovit,
862 899 1011 978 ecaptivis
1028 901 1151 978 quaerit,
1168 902 1237 979 quis

118 997 138 1046 -3
160 988 263 1049 castris
274 985 310 1046 ad
322 985 484 1064 Bagradam
498 984 621 1063 praesit:
638 983 821 1063 respondent
836 982 1006 1044 Saburram.
1036 985 1160 1064 Reliqua
1171 995 1236 1047 stu·

160 1072 208 1134 dio
224 1071 339 1133 itineris
354 1069 533 1130 conficiendi
548 1086 691 1146 quaerere
705 1068 914 1147 praetermittit
928 1069 1121 1148 proximaque
1139 1072 1236 1151 respi-

160 1158 242 1218 ciens
257 1157 357 1235 signa,
381 1152 566 1228 ‘Videtisne’,
583 1153 697 1231 inquit,
714 1152 848 1226 milites,
871 1154 1054 1231 captivorum
1069 1156 1237 1225 orationem

81 1234 89 1239 ’
159 1261 229 1304 cum
254 1239 387 1319 perfugis
413 1235 595 1300 convenire?
625 1238 727 1298 abesse
753 1255 872 1314 regem,
898 1237 1018 1316 exiguas
1043 1258 1107 1302 esse
1133 1241 1237 1320 copias

68 1353 70 1356 ⁴
159 1327 272 1399 missas,
289 1342 364 1403 quae
378 1322 479 1402 paucis
491 1308 641 1400 equitibus
655 1340 742 1401 pares
757 1340 820 1383 esse
835 1339 897 1382 non
913 1323 1089 1401 potuerint?
1105 1324 1236 1387 Proinde

160 1411 197 1472 ad
211 1410 367 1489 praedam,
382 1409 417 1468 ad
433 1408 557 1486 gloriam
572 1417 746 1485 properate,
763 1407 868 1467 utiam
883 1407 919 1468 de
933 1408 1071 1486 praemiis
1086 1410 1190 1472 vestris
1205 1422 1237 1472 et

122 1506 139 1554 4
160 1496 196 1557 de
211 1494 368 1556 referenda
384 1493 475 1571 gratia
490 1492 620 1571 cogitare
642 1491 848 1570 inicipiamus'.
885 1491 979 1552 Erant
993 1511 1047 1572 per
1065 1513 1097 1555 se
1118 1512 1235 1574 magna,

160 1600 235 1660 quae
250 1588 404 1659 gesserant
419 1577 547 1656 equites,
562 1578 737 1656 praesertim
753 1595 821 1638 eum
836 1595 940 1637 eorum
955 1577 1078 1654 exiguus
1092 1597 1238 1641 numerus

159 1682 229 1726 cum
243 1673 325 1726 tauta
345 1662 533 1723 multitudine
547 1661 740 1722 Numidarum
763 1662 959 1722 conferretur.
989 1662 1069 1724 llaec
1084 1673 1183 1725 tamen
1198 1665 1236 1725 ab

160 1750 231 1828 ipsis
245 1749 374 1810 inflatius
388 1746 708 1822 commemorabantur,
724 1756 758 1808 ut
772 1747 808 1806 de
824 1746 884 1808 suis
899 1747 1035 1808 homines
1049 1749 1185 1810 laudibus
1199 1749 1236 1810 li·

119 1845 137 1894 1
160 1834 267 1896 benter
280 1833 460 1913 praedicant.
491 1831 581 1892 Multa
596 1842 751 1910 praeterea
767 1831 861 1910 spolia
875 1825 1134 1910 praeferebantur}
1157 1835 1237 1913 capti

159 1919 295 1980 homines
317 1918 491 1998 equitesque
513 1915 771 2007 producebantur,
800 1925 850 1990 ut,
874 1916 1016 1995 quidquid
1037 1911 1238 1980 intercederet

160 2004 312 2083 temporis,
329 2021 418 2064 omne
428 2001 581 2062 victoriam
591 2002 701 2062 morari
711 2001 884 2082 videre*
899 2001 942 2062 lta
953 2001 1017 2080 spei
1030 2001 1167 2064 Curionis
1178 2004 1236 2064 mi·

122 2097 139 2146 6
159 2089 244 2148 litum
266 2088 363 2149 studia
386 2106 448 2147 uon
471 2087 602 2146 deerant.
633 2085 756 2164 Equites
772 2085 856 2163 sequi
871 2085 953 2147 iubet
968 2100 1032 2148 sese
1054 2088 1170 2166 iterque
1186 2106 1236 2149 ac·

161 2173 285 2248 celerat,
309 2182 342 2232 ut
364 2189 452 2249 quam
473 2171 597 2231 maxime
612 2188 648 2230 ex
662 2171 733 2250 luga
747 2155 923 2249 perterritos
936 2171 1045 2232 adoriri
1059 2180 1169 2252 posset.
1200 2175 1239 2234 At

194 2323 416 2386 b.ltoropprersoe
425 2320 517 2370 adorti
524 2334 672 2370 -eorum
724 2322 805 2386 quari
816 2319 922 2383 videat‚·
940 2320 1030 2374 ebend.
1041 2324 1082 2383 21,
1093 2325 1120 2373 1:
1140 2323 1239 2373 baram

159 2386 336 2449 romerdorf.
363 2385 413 2438 llas
426 2385 521 2466 Objekt
533 2386 578 2466 des
591 2386 672 2438 Parti·
723 2391 764 2437 ert
780 2388 926 2437 consimilis
943 2393 1033 2453 capris
1055 2388 1148 2453 figura
1165 2390 1239 2454 (dhu-

159 2455 672 2587 ttlmlldtu‘tljlltttetta
723 2455 1240 2589 tttttttt‘tltttlt‘ttdtt

159 2593 206 2645 des
218 2591 435 2657 Hauptverbums;
454 2591 533 2642 daher
549 2589 591 2643 die
603 2589 673 2642 Wie-
724 2591 756 2642 de
790 2594 900 2641 raemiis
916 2594 1013 2642 cestris
1028 2621 1062 2629 —
1075 2581 1240 2658 dormiamus

156 2659 304 2724 derholnog
316 2658 451 2711 desselben
464 2658 543 2711 durch
557 2659 598 2710 ein
610 2657 672 2710 Pro·
722 2659 750 2711 in
768 2607 917 2724 sseziehuug
934 2659 980 2712 aul
996 2675 1018 2712 c.
1037 2663 1078 2725 32,
1100 2663 1139 2714 to.

160 2743 261 2781 nomen.
280 2726 505 2789 ubensoalqe:
523 2742 605 2777 aare:
616 2727 673 2778 loa·
758 2730 782 2779 d
806 2727 929 2788 inflatius
946 2730 1240 2780 commemorabantur:

157 2812 209 2862 gas
226 2811 370 2861 aggressu:
387 2794 445 2845 IIII
459 2811 500 2846 ece
517 2796 571 2844 bie
589 2795 671 2845 abda·
725 2796 827 2858 2,11,3.
846 2822 880 2832 -
890 2797 1051 2860 praedicarat
1067 2796 1112 2847 de:
1130 2796 1240 2848 macheu

154 2867 217 2927 ,clm
235 2863 263 2916 B.
277 2863 305 2916 G.
321 2866 342 2926 1,
362 2865 402 2927 12,
421 2865 448 2915 3:
467 2877 512 2912 eor
529 2877 673 2926 aggressus
724 2861 855 2914 Rdhmens
872 2877 937 2926 von,
956 2864 1006 2915 wie
1022 2864 1171 2930 postulare,
1194 2881 1239 2915 co-

159 2947 287 2997 magaam
308 2934 414 2997 partem
440 2945 532 2980 earum
556 2929 674 2981 concidit
721 2945 852 2994 gnoscere
869 2930 901 2982 de
917 2958 952 2968 —
968 2947 994 2983 u.
1013 2931 1081 2984 abal.
1109 2931 1135 2983 S.
1155 2947 1176 2986 c.
1196 2935 1239 2997 32,

160 3001 212 3053 und
231 3015 264 3052 en
282 2999 393 3051 anderen
411 2995 518 3049 Stellen.
726 3000 771 3058 103
792 3001 815 3060 1,
833 2999 874 3062 22,
893 3002 920 3060 6,
938 2998 967 3051 B.
986 2998 1014 3051 G.
1034 3002 1057 3064 1,
1075 3001 1116 3062 42,
1137 3003 1158 3052 1.

131 3088 133 3092 ”
194 3065 239 3122 89.
259 3070 282 3119 2.
300 3067 431 3126 convenit,
447 3068 580 3130 cognorit,
592 3079 672 3130 quae·
758 3069 782 3117 5.
802 3065 1046 3131 praeferebantur:
1070 3066 1175 3121 wurden
1193 3083 1239 3120 zur

160 3137 200 3186 rit
217 3133 382 3200 asyndetiscb
395 3133 480 3184 nebeu
492 3132 612 3184 einander
629 3146 673 3197 ge·
725 3131 810 3185 Schau
828 3134 959 3199 getragen.
977 3163 1008 3172 -
1027 3136 1147 3186 bomine:
1164 3138 1239 3201 eque·-

160 3201 241 3264 stellt,
260 3217 304 3253 aur
317 3200 486 3265 Sehildernug
503 3199 548 3251 des
565 3200 673 3251 raschen
725 3205 830 3266 terque:
876 3200 1033 3269 Fulsginger
1061 3203 1114 3255 und
1142 3202 1237 3255 Reiter.

160 3268 281 3322 Verlanls
293 3267 522 3333 derllandlnngen.
534 3295 565 3305 -
576 3269 674 3318 castris
724 3267 836 3319 Abolich
856 3272 878 3333 1,
897 3273 938 3335 54,
958 3273 970 3323 1
989 3272 1122 3323 tributas
1142 3273 1239 3338 equiti·

157 3337 199 3389 ad
214 3336 379 3400 Bagradam.
415 3333 441 3386 S.
459 3350 492 3387 au
509 3349 531 3388 c.
553 3337 592 3398 11,
611 3338 635 3387 3.
725 3338 832 3400 bragae,
851 3341 875 3400 3,
886 3340 951 3398 38,1
969 3341 1118 3391 eaercitam
1135 3341 1238 3405 equita-

87 3438 91 3444 ·
197 3406 220 3456 3.
247 3406 414 3468 captiuorum
443 3405 591 3455 orationem
614 3418 673 3454 crem
725 3408 847 3469 tamque,
872 3404 958 3458 Livius
976 3409 1018 3472 21,
1036 3409 1109 3472 tat
1136 3409 1238 3474 equites

156 3470 286 3538 perfugio
303 3473 445 3522 conuenire
462 3471 486 3522 d.
499 3471 524 3526 h.
538 3486 599 3521 eam
613 3487 674 3537 per-
725 3474 840 3537 virique.

156 3539 292 3604 fergamm
308 3541 448 3600 *creticam
474 3539 514 3591 die
536 3537 673 3604 bekanute,
759 3543 783 3594 6.
801 3545 929 3607 atquem
946 3545 1064 3595 maxime
1078 3545 1239 3609 perterritos

162 3606 673 3661 besondersauebimdriechiscbenbdu-
725 3607 802 3660 ador.
818 3614 919 3675 posset:
949 3626 993 3663 nm
1015 3611 1053 3663 sie
1076 3626 1106 3663 so
1124 3611 1177 3663 viel
1199 3611 1238 3663 als

158 3675 213 3743 fige
227 3674 397 3744 Brachylogie
410 3676 440 3726 iu
453 3674 673 3741 Vergleicbungen
724 3677 913 3743 mogliclrnoeb
924 3678 1023 3745 inlolge
1035 3679 1080 3731 der
1089 3679 1182 3731 Flnebt
1193 3681 1239 3744 (ee
1260 3695 1264 3702 ·

160 3741 253 3811 (κόμαι
271 3747 438 3816 Χαρίτεσσιν
455 3739 546 3811 ὁμοῖαι
562 3743 635 3796 llom.
645 3744 673 3795 ll.
724 3743 808 3810 faga,
831 3746 997 3802 unmittellta'r
1015 3762 1065 3798 von
1083 3745 1129 3799 der
1146 3747 1239 3800 Fluebt

164 3817 205 3877 11,
215 3816 266 3879 51),
278 3814 328 3865 wie
337 3812 366 3871 B.
376 3812 405 3866 d.
416 3815 440 3877 6,
450 3815 491 3874 22,
501 3815 530 3864 4:
543 3826 603 3862 eam
611 3827 674 3863 :aar
725 3815 782 3876 aus)
795 3814 917 3878 bestdrat,
929 3815 996 3867 noch
1008 3814 1043 3866 im
1052 3814 1181 3868 Zustande
1192 3814 1239 3868 der

160 3884 274 3947 quisque
285 3897 347 3947 oper
357 3881 620 3946 competentissime
632 3895 674 3931 ae·
727 3880 887 3948 Besttlrzung
911 3881 1043 3949 augreilen
1064 3898 1097 3935 au
1121 3882 1238 3944 kdnnen:
