2626 4416
163 212 224 274 154
559 215 600 268 un
618 215 719 269 erim
737 181 830 268 crum

161 395 240 454 rium
254 409 318 453 esse
340 390 514 452 existimavit
532 390 568 450 de
591 389 759 469 repentino,
770 391 897 451 adventu
913 389 1044 451 Caesaris
1060 390 1240 469 Pompeium

160 479 226 540 neri
241 477 413 551 certiorem,
429 475 473 536 uti
488 475 523 534 ad
538 475 566 535 id
582 475 739 536 consilium
755 492 861 554 capere
877 483 992 553 posset,
1016 483 1177 555 antequam
1199 479 1239 538 de

161 563 307 625 mandatis
329 562 375 640 agi
398 561 596 639 inciperetur,
624 565 714 638 atque
736 560 801 621 ideo
825 560 999 621 continuato
1022 569 1110 622 nocte
1132 579 1166 622 ac
1188 561 1239 623 die

160 650 267 710 itinere
282 655 370 725 atque
386 646 524 706 omnibus
539 646 655 724 oppidis
669 645 788 706 mutatis
804 646 838 706 ad
852 646 1032 707 celeritatem
1047 646 1188 708 iumentis
1200 649 1239 709 ad

124 743 140 794 1
160 733 332 813 Pompeium
349 732 519 804 contendit,
542 739 576 791 ut
590 732 692 792 adesse
707 730 860 792 Caesarem
882 732 1041 793 nuntiaret.
1075 732 1239 809 Pompeius

160 826 226 880 erat
248 837 282 879 eo
305 825 438 897 tempore
460 817 490 877 in
508 816 652 877 Candavia
674 816 789 894 iterque
812 835 847 877 ex
862 816 1033 878 Macedonia
1056 817 1086 877 in
1109 816 1238 878 hiberna

162 902 347 984 Apolloniam
363 902 638 982 Dyrrhachiumque
660 901 796 962 babebat.
827 901 884 962 Sed
901 920 933 961 re
949 920 1024 962 nova
1041 900 1238 980 perturbatus

160 987 321 1049 maioribus
343 986 500 1048 itineribus
515 986 701 1065 Apolloniam
723 994 826 1065 petere
847 987 959 1066 coepit,
983 1006 1021 1047 ne
1037 987 1142 1048 Caesar
1164 1005 1237 1048 orae

124 1085 139 1134 a
159 1074 322 1135 maritimae
345 1072 476 1133 civitates
499 1079 666 1150 oocuparet.
697 1072 735 1131 At
750 1071 798 1131 ille
813 1072 953 1151 expositis
967 1071 1111 1133 militibus
1129 1072 1236 1133 eodem

159 1160 206 1220 die
222 1159 344 1219 Oricum
358 1157 566 1237 proficiscitur.
596 1155 662 1226 Quo
678 1175 747 1216 cum
761 1157 906 1237 venisset,
925 1157 958 1217 L.
974 1157 1159 1235 Torquatus,
1183 1158 1239 1236 qui

159 1246 241 1307 iussu
262 1242 384 1322 Pompei
410 1241 520 1322 oppido
543 1249 678 1320 praeemt
699 1241 937 1320 praesidiumque
960 1242 1000 1302 ibi
1022 1242 1238 1304 Parthinorum

158 1327 295 1401 habebat,
311 1335 435 1388 conatus
449 1327 544 1407 portis
559 1326 666 1387 clausis
681 1325 822 1405 oppidum
838 1327 1006 1401 defendere,
1022 1345 1089 1387 cum
1104 1327 1237 1389 Graecos

90 1418 93 1423 ’
160 1432 278 1474 murum
290 1413 449 1473 ascendere
465 1420 552 1490 atque
565 1429 645 1472 arma
660 1429 767 1491 capere
778 1411 903 1486 iuberet,
920 1411 960 1472 illi
972 1420 1069 1472 autem
1085 1431 1117 1472 se
1128 1420 1237 1474 contra

66 1560 72 1573 ,
122 1506 138 1556 4
158 1498 315 1578 imperium
337 1497 439 1577 populi
462 1495 588 1557 Romani
611 1506 795 1576 pugnaturos
818 1515 881 1558 esse
905 1506 1064 1576 negarent,
1091 1497 1236 1576 oppidani

159 1592 255 1645 autem
279 1583 365 1644 etiam
381 1601 434 1643 sua
456 1591 563 1660 sponte
579 1581 733 1643 Caesarem
752 1582 884 1660 recipere
908 1590 1103 1656 conarentur,
1126 1583 1236 1661 despe-

158 1668 229 1730 ratis
245 1667 384 1729 omnibus
399 1665 512 1727 auxiliis
528 1675 628 1746 portas
644 1667 760 1747 aperuit
776 1674 847 1728 etse
862 1675 950 1745 atque
963 1666 1104 1746 oppidum
1116 1665 1235 1728 Caesari

159 1753 270 1814 dedidit
284 1752 499 1831 incolumisque
514 1750 551 1812 ab
568 1770 603 1812 eo
619 1759 810 1813 conservatus
825 1759 878 1813 est.

244 1834 300 1901 12.
323 1838 453 1918 Recepto
477 1836 584 1898 Caesar
599 1836 688 1898 Orico
712 1837 792 1897 nulla
813 1837 988 1917 interposita
1010 1854 1093 1897 mora
1112 1835 1236 1915 Apollo·

160 1923 238 1984 niam
260 1922 467 2002 proficiscitur.
507 1922 596 1983 Cuius
618 1922 745 1983 adventu
768 1922 867 1983 audito
881 1922 918 2003 L.
935 1921 1101 1996 Staberins,
1125 1920 1176 1999 qui
1191 1920 1235 1982 ibi

158 2015 303 2088 praeerat,
318 2026 422 2086 aquam
437 2015 623 2087 comportare
635 2007 666 2068 in
682 2026 781 2069 arcem
793 2015 882 2087 atque
893 2026 957 2070 cam
971 2007 1087 2070 munire
1100 2004 1236 2069 obsides-

121 2101 136 2150 2
158 2112 216 2173 que
231 2093 267 2153 ab
283 2092 518 2172 Apolloniatibus
532 2092 650 2172 exigere
666 2093 772 2172 coepit.
802 2091 846 2154 Illi
858 2111 927 2155 vero
939 2094 1060 2154 daturos
1074 2111 1106 2154 se
1121 2110 1232 2171 negare

158 2197 256 2256 neque
268 2186 367 2256 portas
378 2177 493 2238 consuli
509 2178 716 2256 praeclusuros
727 2195 825 2257 neque
840 2177 896 2239 sibi
908 2178 1047 2239 iudicium
1059 2184 1234 2257 sumpturos

158 2271 263 2324 contra
290 2270 378 2340 atque
406 2261 503 2322 omnis
531 2261 612 2322 ltalia
640 2263 828 2343 populusque
856 2263 1010 2324 Romanus
1038 2261 1238 2340 iudicavisset,

193 2393 427 2446 bledanensem.
459 2391 597 2459 Pompeius
614 2407 669 2445 war
706 2395 768 2444 'laec
791 2410 821 2444 re
838 2396 929 2444 statim
949 2394 1047 2445 Gaeeor
1070 2397 1180 2458 cognita
1198 2423 1235 2433 -

158 2462 230 2513 nicht
253 2461 325 2512 mehr
342 2462 367 2512 in
385 2461 584 2525 Thessalonich‚
609 2475 670 2512 eon·
718 2464 869 2522 continuit5
887 2463 911 2524 6,
924 2464 948 2525 9,
961 2465 988 2513 8:
1007 2465 1115 2526 cognita
1134 2461 1234 2513 Caesar·

157 2530 219 2582 dem
236 2528 333 2581 bereits
357 2529 401 2580 der
420 2528 569 2580 Westlruste
586 2529 667 2580 *aanor
719 2531 967 2595 camareperanr,
982 2532 1004 2592 1,
1018 2534 1048 2581 4:
1066 2529 1177 2580 indictio
1187 2532 1232 2580 in·

157 2598 309 2665 gekommen
321 2596 347 2648 in
359 2596 409 2648 den
421 2597 606 2649 candaviscben
620 2596 668 2649 (le-
718 2603 760 2648 ter
783 2614 811 2648 ce
823 2599 965 2663 principes
983 2596 1087 2649 Galliae
1110 2599 1234 2648 conciliis

156 2667 246 2732 bingen
264 2666 290 2716 in
301 2665 412 2733 lllyrieu.
425 2693 458 2703 -
471 2667 523 2716 iter
541 2667 667 2717 babebat:
719 2692 753 2704 —
763 2671 922 2730 queruntur.
936 2694 968 2703 -
978 2665 1232 2731 Apolloniamprof.

158 2738 181 2800 1,
195 2737 235 2799 11,
248 2736 272 2787 3.
718 2733 752 2784 llr
770 2734 840 2785 batte
858 2732 1004 2786 tlStunden
1017 2732 1095 2799 Wegs
1111 2749 1162 2784 ron
1175 2733 1233 2785 Ori·

191 2804 214 2854 3.
234 2801 349 2854 Graecos
366 2825 400 2846 a·
417 2803 569 2853 Parthinos.
716 2815 776 2853 cnm
790 2801 830 2853 bie
843 2801 987 2868 Apollonia.
997 2829 1031 2839 -
1043 2803 1092 2868 qui
1102 2803 1142 2851 ibi
1150 2817 1232 2867 prae-

190 2873 214 2922 l.
242 2874 337 2921 eontra
367 2871 510 2934 imperium
536 2885 600 2936 pop.
622 2868 668 2932 n.,·
715 2874 790 2931 vot,
818 2869 864 2921 der
884 2868 999 2921 daselbst
1019 2867 1230 2922 lmmmandierte.

156 2937 234 2990 Gdsar
252 2952 307 2989 war
324 2936 363 2988 als
375 2935 472 2989 llonsul
491 2937 536 2990 der
552 2936 667 3003 legitime
718 2938 842 2988 Poececec
860 2937 928 2990 ohne
944 2938 1019 2988 einen
1036 2937 1121 2989 daron
1134 2938 1232 2990 abbia-

157 3005 286 3058 Vertreter
301 3003 347 3057 des
362 3004 663 3058 romischenllollres.-
719 3006 795 3071 gigen
819 3004 895 3056 llativ
918 3004 970 3057 und
992 3005 1039 3056 mit
1061 3005 1159 3057 blolser
1178 3007 1232 3058 An-

157 3075 287 3140 oppidani
295 3078 392 3125 atatem.
404 3071 462 3125 Man
475 3077 595 3126 erwartet
606 3073 667 3126 ‘und
717 3074 784 3140 gabe
803 3072 937 3135 desorto,
962 3073 1013 3125 wie
1031 3089 1053 3126 c.
1072 3076 1114 3135 28,
1132 3076 1160 3126 2:
1182 3078 1233 3140 qui

157 3141 198 3193 die
225 3141 336 3206 Burger‘;
367 3141 433 3193 deun
462 3142 502 3193 ihr
528 3140 666 3193 Verbalten
719 3139 933 3206 coepi-aceras,
951 3140 1013 3193 Sull.
1030 3141 1083 3193 uua
1098 3145 1138 3210 bl„³
1152 3145 1181 3194 2:
1200 3145 1230 3193 in

157 3209 226 3260 steht
243 3209 339 3260 ebenso
352 3210 401 3260 wie
415 3208 460 3260 das
479 3209 522 3260 der
534 3208 667 3261 Parthiner
718 3224 787 3274 agro
805 3210 904 3259 Piceno
919 3210 1097 3274 praecidebat.
1119 3209 1230 3261 Abulich

156 3277 191 3327 im
209 3275 352 3342 Gegensatz
376 3291 408 3328 zu
432 3276 489 3328 dem
507 3275 597 3328 Belebl
622 3277 666 3329 des
719 3293 740 3328 c
754 3280 796 3342 89,
808 3279 837 3328 2:
850 3277 939 3327 media
951 3281 1009 3328 octe
1023 3277 1068 3329 Cn.
1081 3278 1231 3329 Domitium

155 3343 310 3410 Torquatus.
343 3343 446 3396 Ebenso
463 3344 498 3395 ist
515 3349 604 3395 autem
623 3359 666 3412 ge-
716 3350 910 3410 praeposuerat
918 3345 1057 3414 undGic.p.
1066 3345 1132 3398 Sest.
1142 3348 1229 3408 18‚41:

156 3412 264 3463 braucbt
281 3426 332 3462 ron
351 3412 439 3463 Cicero
457 3410 490 3462 ad
502 3412 554 3464 Act
568 3416 592 3475 l,
604 3414 629 3478 9,
641 3415 666 3467 ¹2.
718 3415 746 3463 in
756 3428 787 3463 co
797 3413 918 3463 abactae
929 3412 1229 3482 fratrempracfecerat.

185 3476 234 3550 r12.
254 3482 276 3530 1.
289 3478 401 3546 Recepto
415 3479 513 3531 (laesor
525 3480 611 3534 Orico.
629 3481 667 3532 Zu
753 3480 777 3532 2.
795 3482 847 3531 cibi
864 3481 995 3533 iudicium
1007 3482 1230 3550 campanense

155 3547 240 3600 dieser
256 3545 376 3614 Stellung
398 3546 444 3600 des
461 3546 584 3613 Subjelrts
605 3549 666 3600 zwi-
716 3547 823 3600 virdun
845 3549 901 3600 sicli
924 3549 994 3602 nicht
1016 3551 1059 3603 ein
1081 3549 1162 3602 Urteil
1186 3564 1231 3601 an-

88 3662 91 3666 ,
157 3617 235 3668 schen
248 3615 297 3667 den
307 3615 364 3668 Abl.
374 3615 466 3681 absol,
478 3616 557 3668 durch
567 3617 666 3669 welcbe
718 3612 823 3668 mulceo.
845 3615 931 3684 Vergl.
949 3633 971 3669 c.
990 3622 1032 3683 bl,
1050 3623 1079 3671 3:
1097 3635 1131 3669 ne
1147 3620 1230 3684 impe-

156 3684 199 3736 die
222 3685 257 3737 im
274 3682 342 3736 Part.
367 3685 514 3736 euthaltene
530 3683 666 3752 Handlung
717 3687 838 3736 rodomas
854 3686 908 3736 eibi
920 3691 1016 3751 portes
1032 3690 1173 3752 comprime
1190 3689 1229 3736 ci-

157 3751 195 3804 als
218 3753 276 3804 dem
299 3750 410 3818 sobjekt
436 3752 598 3820 angebdrend
622 3752 666 3804 bc·
718 3753 835 3804 deretur.
848 3780 881 3792 -
894 3759 990 3806 coum
1002 3759 1089 3820 atque,
1103 3754 1153 3806 wie
1161 3751 1191 3804 B.
1199 3753 1228 3805 G.

156 3819 272 3872 zeicbnet
284 3819 356 3886 wind,
368 3821 421 3887 rgl.
434 3836 456 3872 c.
469 3824 510 3883 6²,
525 3823 553 3872 l:
570 3821 667 3887 quidus
717 3823 838 3886 4‚13,o:
856 3822 930 3888 qood
945 3827 1048 3884 eontra,
1066 3826 1146 3887 atque
1162 3826 1231 3872 ercet

155 3889 200 3940 ilic
212 3891 468 3953 cognitis-tom
479 3886 509 3939 B.
519 3886 547 3940 G.
558 3889 665 3952 a,11,2:
718 3889 817 3941 dietum
834 3894 861 3940 et
876 3891 931 3955 ipet
939 3891 1078 3955 petissent,
1092 3890 1230 3955 proellum
