2626 4416
543 246 561 298 l.
578 248 602 298 9.
625 247 663 299 10.
683 248 722 298 11.
1134 240 1176 300 33

97 421 135 481 ad
151 437 233 481 suam
249 419 413 498 perniciem
428 416 601 497 pertinere?
631 418 688 480 Sed
709 426 808 479 tamen
830 417 865 477 ad
887 417 986 479 omnia
1007 436 1038 478 se
1054 418 1178 479 descen·
1201 430 1216 478 5

100 506 169 566 dere
184 514 320 584 paratum
335 513 423 583 atque
439 504 539 565 omnia
559 504 619 582 pati
634 503 815 583 reipublicae
837 521 933 564 causa.
970 503 1179 564 Proficiscatur

100 589 259 669 Pompeius
274 590 304 649 in
321 608 389 650 suas
404 589 587 668 provincias,
609 589 664 667 ipsi
680 589 826 649 exercitus
841 587 1005 661 dimittant,
1027 587 1179 648 discedant
1243 649 1249 655 ,

100 675 131 734 in
148 674 229 735 ltalia
242 692 346 735 omnes
362 673 398 734 ab
414 673 511 746 armis,
526 680 651 734 metuse
671 673 785 733 civitate
803 673 933 746 tollatur,
955 671 1048 732 libera
1060 673 1178 733 comitia

98 768 189 837 atque
205 759 303 819 omnis
320 757 488 836 respublica
503 757 618 817 senatui
638 757 811 836 populoque
825 757 959 818 Romano
981 757 1179 836 permittatur.

102 844 182 904 llaec
207 862 269 921 quo
293 841 407 902 facilius
430 841 578 921 certisque
599 840 826 902 condicionibus
846 842 918 902 fiant
939 848 969 902 et
988 842 1180 904 iureiurando
1201 853 1216 902 t

101 928 288 1001 sanciantur,
311 934 362 987 ant
382 927 445 1006 ipse
465 926 590 1006 propius
610 927 730 987 accedat
750 934 801 986 aut
821 944 853 986 se
875 927 1004 1005 patiatur
1023 927 1179 1003 accedere;

103 1014 178 1085 iore,
195 1011 238 1071 uti
254 1029 308 1088 per
324 1010 470 1090 colloquia
485 1029 589 1072 omnes
604 1011 823 1071 controversiae
838 1020 1066 1088 componantur.

188 1091 242 1158 lo.
266 1096 401 1175 Acceptis
421 1096 564 1157 mandatis
583 1096 708 1158 Roscius
729 1114 797 1156 cum
819 1095 941 1156 Caesare
962 1094 1090 1173 Capuam
1111 1114 1180 1175 per-

101 1179 182 1241 venit
205 1180 306 1259 ibique
326 1181 464 1242 consules
485 1181 719 1261 Pompeiumque
740 1180 866 1241 invenit:
888 1180 1034 1259 postulata
1050 1179 1181 1242 Caesaris

103 1264 263 1326 renuntiat.
294 1264 338 1326 llli
353 1265 512 1327 deliberata
526 1285 559 1326 re
574 1265 760 1345 respondent
779 1264 947 1345 scriptaque
963 1265 997 1325 ad
1014 1283 1082 1326 eum
1097 1284 1182 1326 man·
1204 1276 1219 1326 2

104 1350 168 1410 data
182 1368 236 1428 per
251 1369 302 1411 eos
317 1351 452 1426 mittunt;
474 1369 602 1429 quorum
617 1352 689 1412 baec
711 1358 774 1411 erat
794 1368 924 1411 summa:
946 1349 1052 1410 Caesar
1066 1350 1097 1411 in
1114 1349 1182 1410 Cal·
1204 1360 1218 1409 a

102 1435 170 1495 liam
182 1444 396 1510 reverteretur,
412 1436 546 1496 Arimino
562 1438 732 1510 excederet,
749 1436 894 1497 exercitus
909 1434 1083 1511 dimitteret3
1106 1454 1181 1514 quae

103 1520 128 1580 si
143 1519 275 1595 lecisset,
294 1521 470 1600 Pompeium
484 1521 514 1581 in
527 1520 684 1601 Hispanias
706 1521 826 1581 iturum.
856 1520 981 1593 Interea,
998 1520 1094 1599 quoad
1111 1521 1183 1582 fides
1203 1529 1219 1580 4

103 1612 181 1666 esset
196 1604 278 1679 data,
296 1605 448 1667 Caesarem
464 1607 627 1681 facturum,
645 1624 719 1685 quae
735 1604 935 1683 polliceretur,
951 1623 1014 1665 non
1031 1605 1181 1665 intermis-

104 1707 191 1750 suros
207 1690 345 1751 consules
360 1691 594 1769 Pompeiumque
609 1691 749 1752 delectus.

191 1772 247 1837 11.
265 1774 336 1835 Erat
347 1775 448 1852 iniqua
463 1776 598 1835 condicio
613 1775 774 1855 postulare,
790 1781 823 1833 ut
835 1773 941 1834 Caesar
952 1773 1085 1833 Arimino
1096 1791 1182 1834 exce-

102 1859 188 1919 deret
202 1866 291 1937 atqne
312 1859 343 1919 in
366 1859 548 1937 provinciam
569 1866 783 1932 reverteretur,
804 1858 900 1936 ipsum
924 1867 954 1917 et
972 1858 1140 1937 provincias
1155 1866 1183 1919 et

104 2007 185 2072 Frage
212 2007 257 2057 der
278 2006 372 2058 dritten
394 2006 491 2059 Person
519 2009 544 2059 in
572 2008 617 2060 der

105 2077 194 2125 oratio
213 2073 329 2140 obliqua.

141 2146 164 2194 5.
191 2141 355 2195 descendere.
391 2142 416 2196 S.
440 2159 472 2194 zu
495 2159 516 2195 c.
542 2148 565 2205 5,
589 2147 616 2197 3:

105 2211 161 2261 hier
178 2211 225 2261 mit
242 2210 307 2263 dem.
318 2210 503 2276 Nebenbegriff
517 2211 561 2264 der
572 2211 617 2263 Er-

106 2277 258 2345 niedrigung
273 2305 309 2324 ==
331 2279 386 2331 sich
408 2295 440 2330 zu
462 2280 540 2331 aliem
562 2295 618 2332 ver-

104 2346 204 2398 steben.
224 2345 249 2398 S.
269 2347 320 2398 Cic.
339 2347 370 2398 ad
388 2346 458 2400 Fam.
479 2350 517 2410 16,
539 2350 576 2411 tt,
590 2351 617 2400 3:

106 2415 247 2466 Feruentnr
273 2420 381 2466 omn-ina
399 2416 568 2467 condiciones
586 2418 618 2467 ab

104 2483 167 2546 illa,
189 2487 221 2532 nt
241 2485 382 2550 Pompeius
404 2489 448 2534 eat
473 2486 503 2533 in
525 2485 619 2550 Hebpa·

105 2553 188 2614 niam,
206 2550 327 2617 dilectae,
346 2555 394 2617 qui
410 2556 474 2602 erent
485 2554 579 2618 babiti,
593 2555 620 2602 et

102 2618 243 2684 praecidio
265 2624 359 2670 nostra
381 2619 569 2670 dimittantur:
592 2636 620 2670 se

105 2686 263 2736 ulteriorem
282 2686 398 2739 Galliam
409 2687 539 2754 Domitio,
557 2691 620 2738 aite-

106 2755 208 2803 riarent
246 2753 370 2805 mortuo
402 2753 530 2805 Noniano
566 2757 620 2817 (leia

106 2822 177 2871 enirn
195 2822 361 2886 cingerent)
380 2822 560 2872 traditarum:
585 2823 622 2874 ud

108 2887 620 2955 eonmlatuepetitionomseoentarum,

105 2973 193 3023 neque
207 2973 236 3006 re
251 2960 308 3009 iarn
325 2949 392 3008 veile
409 2959 515 3008 absente
531 2974 560 3008 re
576 2974 621 3008 ra·

108 3027 208 3076 donem
225 3026 320 3077 baberi
339 3041 429 3077 snam:
451 3042 479 3075 ee
492 3040 620 3090 praecen-

668 2010 758 2060 immet
780 2023 827 2059 vor
843 2006 1042 2074 Komparativen
1064 2007 1180 2069 braucht,

668 2081 701 2128 at
720 2093 752 2127 zu
770 2075 879 2129 denken.

702 2143 749 2199 10.
786 2147 808 2195 1.
832 2143 962 2210 Capuam:
985 2143 1010 2195 L.
1034 2143 1111 2194 Cdsar
1133 2144 1185 2194 tral

669 2211 809 2278 Pompeius
827 2211 899 2263 nicht
915 2211 942 2262 in
959 2211 1053 2278 Capua,
1072 2211 1182 2263 sondem

670 2282 696 2333 in
715 2279 841 2340 Teanum
861 2279 922 2332 aber
939 2281 965 2330 in
978 2280 1063 2347 Capua
1077 2280 1183 2331 worden

670 2364 722 2401 von
744 2348 794 2401 den
817 2348 931 2400 Firhrem
954 2347 998 2399 der
1021 2348 1183 2415 Pompeiani·

671 2418 749 2469 schen
760 2416 843 2468 Partei
856 2416 898 2468 die
908 2416 1125 2468 entscbeidenden
1134 2416 1182 2468 Be-

670 2486 788 2538 schlusse
808 2483 910 2550 gefaist.

705 2556 728 2606 2.
746 2568 862 2603 samma:
887 2551 932 2603 der
955 2551 1122 2603 wesentliche
1145 2549 1183 2601 ln-

670 2620 733 2672 balt.
751 2620 796 2672 Bei
810 2619 861 2671 Cic.
875 2619 908 2669 ad
920 2618 972 2670 Att
986 2623 1009 2680 t,
1025 2622 1063 2680 14,
1079 2619 1184 2670 llautet

671 2688 712 2740 die
730 2687 894 2753 Bedingung:
921 2688 1039 2738 Iroiata
1061 2686 1183 2737 condicio

672 2761 717 2821 eet,
735 2756 782 2806 ced
798 2758 846 2819 ita,
864 2758 895 2804 nt
912 2753 1002 2804 iliade
1023 2757 1057 2804 iis
1069 2755 1184 2821 oppidio,

672 2828 829 2890 quocontra
841 2838 918 2872 ruam
925 2824 1096 2888 provinciam
1106 2838 1184 2873 acau-
1208 2839 1213 2856 ·

670 2895 798 2959 pavisset,
813 2890 951 2957 praesidia
969 2889 1117 2942 deduceret.
1153 2890 1185 2940 ld

671 2963 696 3010 si
712 2958 828 3023 fecisset,
845 2972 1003 3023 responsum
1021 2961 1066 3021 ert,
1084 2958 1122 3008 ad
1137 2973 1184 3008 ur-

672 3030 729 3079 bem
756 3043 805 3078 noe
830 3025 967 3076 redituras
995 3041 1050 3074 esee
1077 3030 1104 3075 et
1127 3041 1184 3076 rem

108 3097 161 3144 tem
179 3095 282 3145 binam
299 3095 452 3145 nundinam
460 3096 620 3160 petitarum.
668 3098 860 3161 personatum
879 3091 1056 3153 confecturos.
1075 3091 1133 3159 Vgl.
1152 3093 1183 3145 ad

144 3162 341 3289 eapffiethpd
353 3161 557 3297 epobrnplbligbtur.
575 3227 621 3280 Die

108 3292 238 3362 llollnnng
250 3298 329 3351 durch
342 3299 399 3351 eine
411 3298 558 3351 mimdlicbe
570 3296 622 3348 Un-

110 3360 248 3428 terredung
265 3366 328 3417 alles
346 3382 387 3418 am
403 3367 556 3419 leichtesten
568 3366 622 3418 bei-

110 3427 186 3493 legen
213 3445 245 3480 zu
271 3431 387 3498 kdnnen,
420 3435 518 3501 spricht
545 3434 622 3485 Cisar

111 3495 178 3548 diter
203 3511 263 3558 aus;
294 3500 387 3563 gerade
418 3501 473 3554 dies
498 3518 552 3554 war
578 3501 622 3554 der

110 3562 622 3635 UmgebungdesPompeiusamwenig-

109 3635 168 3683 sten
187 3633 308 3699 genebm:
327 3633 411 3686 τοῦτο
421 3637 473 3700 μὲν
481 3631 623 3702 οὐχὴδέωσ

111 3696 209 3753 πολλοὶ
226 3697 354 3766 ἥκουσαν,
367 3696 513 3767 δείσαντες,
530 3701 567 3770 μὴ
577 3707 623 3754 καὶ

111 3765 181 3819 κατὰ
207 3770 288 3839 σφῶν
309 3788 338 3821 τι
365 3767 528 3823 συνθῶνται
550 3771 621 3824 Cass.

110 3836 158 3887 llio
176 3841 218 3900 41,
236 3843 260 3891 5.
275 3867 309 3878 -
327 3838 363 3889 Zu
382 3840 512 3904 caroque
529 3841 621 3892 candi-

113 3907 235 3957 cioniiue
259 3907 293 3958 ist
320 3921 366 3959 aus
390 3922 452 3973 qua,
477 3906 523 3960 dae
545 3907 623 3961 Cicer

164 3996 233 4040 Ctmr
245 3998 272 4041 ll.
299 3999 390 4043 14144.

672 3164 732 3214 lam.
752 3165 791 3225 ld,
812 3163 851 3224 12,
870 3164 894 3215 3.

707 3233 731 3283 3.
747 3228 864 3290 senseat.
898 3228 926 3280 ln
944 3228 989 3281 der
1012 3230 1094 3281 oratio
1112 3235 1183 3282 recta

672 3298 762 3419 piade
774 3297 820 3349 das
829 3298 943 3349 futurum
954 3301 1073 3350 exactum
1085 3299 1183 3353 steben.

693 3383 750 3420 .zu
771 3370 813 3429 lt,
828 3369 852 3417 2.

707 3438 731 3487 4.
750 3434 824 3499 fides,
845 3432 996 3485 Sicherheit.

707 3503 749 3557 11.
787 3506 809 3554 1.
837 3501 908 3552 Erat
931 3504 1027 3567 iniqua
1054 3503 1186 3565 condicio,

674 3568 1186 3635 Subjektsindpaetulare,tenere,celle

673 3654 698 3690 ιι.
711 3653 732 3689 4.
747 3653 778 3689 w.
791 3666 825 3675 —
836 3641 923 3703 ipsum
935 3641 975 3686 et:
997 3636 1042 3687 das
1054 3635 1184 3701 Unbillige

672 3706 737 3772 liegl
754 3705 834 3768 darin,
853 3703 908 3755 (1414
921 3704 999 3755 Caisar
1010 3704 1051 3754 die
1064 3705 1120 3756 eine
1132 3720 1186 3756 ron

673 3774 726 3825 ihm
753 3775 964 3841 eingenommene
991 3771 1087 3823 lremde
1110 3770 1185 3824 Stadt

672 3841 801 3909 anigeben
813 3839 897 3902 sollte,
912 3838 1032 3890 wibrend
1045 3837 1186 3905 Pompeius

673 3909 711 3960 als
731 3906 901 3974 0bergeneral
924 3906 969 3958 der
991 3905 1121 3974 Republik
1143 3908 1185 3961 dle

965 3993 985 4042 'A
