2626 4416
551 266 579 322 11.
599 270 707 321 11-14.
896 242 899 247 ’
1104 266 1166 328 113
1220 311 1222 314 >

182 439 240 507 13.
263 441 377 512 Quibus
399 440 489 502 rebus
511 440 650 501 commoti
671 440 759 520 legati
780 439 888 502 milites
910 459 945 501 ex
968 459 1058 521 opere
1073 441 1166 504 dedu-

97 536 178 602 cunt,
191 526 412 606 oppugnatione
424 526 578 600 desistunt,
592 525 733 605 operibus
744 526 891 588 custodias
905 526 1087 605 relinquunt.
1117 528 1167 589 ln·
1188 538 1204 589 2

98 613 243 675 dutiarum
266 610 393 691 quodam
422 628 532 690 genere
554 610 754 672 misericordia
775 611 852 672 tacto
872 610 1015 674 adrentus
1037 611 1167 679 Caesaris

95 705 292 777 exspectatur.
321 695 440 757 Nullum
458 715 494 757 ex
508 713 610 770 muro,
630 696 744 757 nullum
760 714 776 755 a
791 695 900 757 uostris
915 696 1040 758 mittitur
1059 698 1165 775 telum;

96 790 176 843 utre
199 783 349 856 contecta,
372 798 477 842 omnes
499 798 600 842 curam
616 789 646 841 et
667 780 847 860 diligentiam
869 781 1032 844 remittunt.
1062 782 1203 845 Caesare

95 868 176 930 enim
191 886 246 946 per
260 866 372 928 litteras
394 865 544 926 Trebonio
566 883 747 945 magnopere
764 865 965 941 mandaverat,
987 886 1026 928 ne
1041 868 1167 947 pervim

96 953 239 1032 oppidum
252 950 419 1030 expugnari
433 956 598 1031 pateretur,
621 969 659 1012 ne
674 951 791 1030 gravius
804 950 933 1030 permoti
950 951 1057 1013 milites
1071 962 1102 1014 et
1117 953 1166 1016 de-

96 1037 235 1099 fectionis
250 1037 317 1097 odio
333 1043 361 1096 et
373 1035 595 1116 contemptione
610 1035 656 1097 sui
667 1045 698 1097 et
707 1035 822 1097 diutino
838 1035 939 1096 labore
954 1054 1057 1099 omnes
1072 1038 1166 1117 pube·

10 1153 13 1158 ·
96 1141 144 1184 res
167 1123 383 1197 interficerent;
407 1121 484 1199 quod
507 1139 537 1182 se
553 1121 683 1183 tacturos
697 1120 902 1196 minabantur,
925 1140 1072 1201 aegreque
1093 1130 1203 1183 tunct

92 1217 167 1270 sunt
181 1207 304 1282 retenti,
328 1205 399 1285 quin
423 1206 565 1286 oppidum
586 1205 802 1304 irrumperent,
825 1206 1010 1286 graviterque
1025 1225 1088 1268 eam
1103 1226 1167 1268 rem

95 1293 243 1367 tulerunt,
267 1292 345 1371 quod
361 1291 475 1353 stetisse
489 1310 545 1372 per
559 1291 757 1367 Trebonium,
774 1291 947 1372 quominus
965 1292 1074 1372 oppido
1089 1292 1166 1373 poti-

95 1387 209 1451 rentur,
223 1376 383 1438 videbatur.

180 1460 239 1526 14.
262 1463 300 1522 At
320 1462 421 1524 hostes
442 1461 507 1523 sine
530 1462 587 1522 tide
609 1470 727 1541 tempus
749 1469 836 1540 atque
852 1461 1038 1523 occasionem
1057 1461 1167 1523 fraudis

95 1567 129 1608 ao
143 1547 203 1608 doli
217 1557 366 1626 quaerunt
381 1546 601 1625 interiectisque
616 1546 728 1625 aliquot
741 1546 860 1620 diebus,
874 1546 985 1608 nostris
999 1546 1166 1625 languenti·

95 1633 152 1693 bus
173 1640 262 1710 atque
276 1631 375 1693 animo
396 1631 526 1693 remissis
541 1630 639 1692 subito
654 1631 817 1692 meridiano
831 1640 981 1711 tempore,
1004 1650 1072 1692 cum
1094 1632 1168 1692 alius

96 1709 295 1791 discessisset,
317 1716 391 1778 alius
408 1735 445 1778 ex
467 1715 582 1776 diutino
603 1716 704 1777 labore
720 1716 751 1776 in
773 1716 844 1795 ipsis
865 1715 1006 1795 operibus
1029 1716 1121 1794 quieti
1135 1735 1167 1778 se

96 1802 238 1875 dedisset,
261 1819 342 1862 arma
355 1820 427 1862 vero
450 1802 550 1861 omnia
572 1802 701 1880 reposita
724 1810 918 1879 contectaque
936 1809 1051 1876 essent,
1074 1802 1168 1881 portis

94 1907 127 1949 se
150 1888 427 1966 foras'erumpunt,
449 1887 582 1948 secundo
605 1903 773 1966 magnoque
793 1895 882 1947 vento
905 1885 1005 1965 ignem
1027 1885 1168 1965 operibus

96 1969 238 2033 iriferunt.
268 1971 356 2033 Hunc
371 1971 413 2032 sic
428 1971 540 2033 distulit.
553 1979 673 2046 ventus,
694 1970 737 2032 uti
751 1990 813 2032 uno
828 1980 963 2050 tempore
982 1989 1086 2050 agger,
1102 1971 1168 2050 plu·
1190 1980 1205 2030 2

96 2056 145 2130 tei,
161 2058 287 2131 testudo,
304 2056 405 2130 turris,
420 2064 568 2117 tormenta
583 2057 730 2117 dammam
744 2056 938 2135 conciperent
952 2065 983 2116 et
997 2055 1080 2135 prius
1095 2057 1167 2117 baec

96 2142 196 2202 omnia
211 2150 466 2216 consumerentur,
482 2159 578 2220 quam,
595 2140 1021 2221 quemadmodumaceidisset,
1037 2141 1167 2201 animad-

95 2227 170 2288 verti
185 2236 294 2308 posset.
325 2226 424 2288 Nostri
440 2226 597 2305 repentina
616 2227 734 2288 fortuna
749 2226 876 2306 permoti
891 2243 985 2300 arma,
1009 2244 1083 2304 quae
1098 2245 1168 2305 pos·
1189 2235 1204 2285 3

94 2321 180 2387 sunt,
203 2312 364 2392 arripiunt3
387 2311 435 2372 alii
457 2330 493 2372 ex
514 2312 617 2373 castris
639 2331 702 2374 sese
724 2311 858 2372 incitant.
889 2310 936 2371 Fit
950 2310 981 2371 in
1003 2311 1097 2373 hostis
1111 2311 1166 2372 im·

95 2407 181 2477 petus
194 2392 339 2481 [corum];
355 2397 405 2458 sed
418 2415 434 2457 e
445 2415 532 2458 muro
548 2397 660 2477 sagittis
673 2396 888 2475 tormentisque
904 2395 1052 2475 fugientes
1065 2413 1167 2476 perse-

95 2483 146 2560 qui
161 2483 368 2563 prohibentur.
398 2481 443 2542 llli
458 2481 513 2543 sub
537 2500 655 2543 murum
670 2501 702 2543 se
717 2481 868 2560 recipiunt
882 2480 982 2560 ibique
1001 2482 1168 2543 musculum
1190 2491 1205 2540 4

95 2567 260 2645 turrimque
282 2566 442 2627 latericiam
456 2566 550 2628 libere
568 2567 742 2628 incendunt.
772 2566 815 2627 lta
836 2564 998 2626 multorum
1020 2566 1168 2627 mensium

97 2715 233 2764 rmematto
252 2713 335 2766 dieses
358 2713 482 2766 bedeutet
505 2715 556 2768 und
574 2731 606 2767 an
692 2719 716 2768 4.
727 2715 853 2781 oppidum
860 2716 1053 2781 irrumperent:
1065 2717 1167 2780 1‚tt,a.

97 2780 208 2832 anderen
225 2779 323 2835 Stellen
341 2780 451 2840 Mittam
470 2798 492 2833 z.
509 2783 538 2832 B.
557 2783 607 2836 Cic.
658 2813 692 2821 —
703 2785 806 2835 stetisse
813 2798 865 2848 per
880 2781 924 2833 Tr.
936 2798 988 2847 qno
999 2784 1101 2834 minue:
1117 2784 1168 2835 wie

97 2847 163 2900 Phil.
182 2851 205 2911 2,
225 2852 265 2911 36,
283 2851 329 2901 91:
359 2853 407 2899 tna
428 2851 474 2900 ille
492 2851 608 2916 pulchra
662 2857 684 2917 l,
702 2855 744 2915 41,
763 2853 786 2904 3.

97 2917 287 2982 renuntiatae
298 2919 444 2982 miseratio,
456 2922 503 2968 tna
516 2919 608 2969 cohor·
693 2917 737 2974 14.
752 2923 773 2970 1.
785 2935 820 2968 em
832 2917 936 2968 diutim
949 2918 1052 2968 labore:
1066 2920 1167 2982 1,70‚3.

98 2987 180 3050 tatto,
199 2983 268 3039 Brut.
288 2987 392 3048 21,82:
411 2990 443 3035 nt
458 2988 608 3037 mmeratto-
661 2985 686 3039 S.
705 3002 738 3038 zu
755 2990 778 3048 3,
797 2989 822 3050 2,
839 2988 863 3037 3.
886 3014 919 3022 -
941 3001 1019 3036 arnae
1040 2991 1168 3037 contecta.

96 3055 184 3118 nilne,
200 3059 233 3104 nt
243 3055 426 3105 communitus
442 3054 508 3104 loeti
524 3059 609 3104 nter-e
659 3054 706 3105 Die
715 3053 824 3118 Wallen,
836 3052 991 3104 namentlich
1002 3051 1043 3104 die
1057 3052 1168 3117 Scbllde,

97 3125 150 3182 tarr,
168 3121 220 3173 und
237 3121 352 3188 dagegen
370 3121 403 3172 ad
415 3121 475 3176 lam.
489 3125 512 3184 5,
527 3124 567 3185 12,
580 3124 607 3174 5:
660 3121 766 3173 wurden
788 3121 834 3172 auf
855 3119 914 3172 dem
931 3118 1046 3174 Marsche
1063 3122 1116 3173 und
1133 3123 1167 3173 im

96 3204 173 3253 qnam
194 3193 316 3240 nostrum
339 3191 385 3240 ille
401 3193 519 3241 mortens
535 3190 610 3255 apud
659 3189 748 3256 lagen,
767 3204 843 3241 wenn
856 3187 1064 3255 keinllamptau
1076 3206 1169 3243 eruar·

96 3257 261 3308 Mantineam
270 3258 472 3324 Epaminondae
483 3273 608 3310 nonaum
659 3261 703 3310 ten
721 3273 786 3322 war,
807 3259 833 3308 in
853 3257 957 3310 lederna
973 3257 1107 3324 Uberzdge
1124 3273 1169 3325 ge·

97 3324 213 3388 quadam
229 3328 400 3376 miseratione
418 3327 549 3378 delectat?
658 3326 732 3378 hdllt.
751 3325 1167 3392 B.G.2,11‚5:senmteginnn

130 3389 174 3444 18.
189 3393 211 3443 1.
224 3409 257 3442 en
269 3409 361 3459 opere:
378 3393 435 3446 dem
448 3409 547 3461 genuen
559 3393 608 3446 Be·
659 3400 687 3445 ta
703 3394 957 3447 detrudendn.-ae
969 3401 1119 3460 ermmpnnt,
1137 3410 1166 3447 so

96 3459 315 3526 lagerungswerk,
332 3460 459 3513 kollektiv
478 3467 509 3525 tc.
528 3466 552 3528 8,
573 3464 606 3528 1),
657 3479 706 3514 nur
724 3463 779 3516 hier
795 3462 837 3514 bei
850 3462 926 3513 Gliscr
943 3462 995 3514 und
1012 3463 1079 3515 auch
1094 3471 1168 3515 sonet

97 3541 143 3577 aus
160 3526 218 3578 dem
236 3527 274 3578 sie
292 3527 333 3578 die
345 3526 466 3582 Soldateu
482 3531 606 3583 abziehen
657 3530 748 3584 selten.
776 3530 861 3583 Citius
878 3531 920 3582 bei
938 3530 988 3582 Gic.
1005 3530 1037 3582 ad
1055 3529 1124 3583 Fam.
1143 3533 1166 3593 8,

96 3593 190 3658 lassen,
208 3595 239 3646 da
256 3594 298 3646 die
310 3594 541 3662 Feindseligkeiteu
554 3599 607 3650 ein·
660 3602 700 3664 14,
712 3602 740 3650 2:
758 3600 796 3650 ad
811 3599 907 3650 tellum
923 3615 951 3649 ee
968 3600 1065 3663 ernptt.
1091 3597 1167 3663 Verg.

96 3661 202 3727 gestellt
214 3662 317 3715 werden
329 3661 419 3730 sollen,
432 3665 554 3718 wahrend
564 3666 607 3718 bei
658 3666 750 3733 Georg.
767 3668 863 3728 1,368.
893 3664 928 3717 So
946 3665 1045 3717 kommt
1062 3665 1128 3716 auch
1139 3682 1167 3716 ee

97 3729 146 3782 den
159 3730 292 3783 einzelnen
304 3733 444 3798 ‘operibns’
456 3731 552 3785 Postea
563 3749 607 3785 zu-
657 3737 819 3801 irrumpere,
847 3748 1026 3800 prorumpere
1051 3732 1167 3797 (Quintil.

96 3798 279 3865 ruckgelassen
297 3799 408 3852 werden.
659 3805 683 3868 2,
703 3805 726 3868 1,
744 3805 770 3866 1)
787 3800 929 3853 vereinzelt
946 3816 1000 3852 vor.

123 3868 155 3934 ι11.
173 3871 368 3936 contemptione
379 3870 436 3918 eni:
448 3867 476 3920 B.
486 3867 515 3920 G.
526 3870 566 3935 28,
580 3871 607 3920 2:
694 3872 717 3922 3.
734 3887 790 3920 cese
805 3870 929 3919 incitant.
957 3867 983 3920 S.
1001 3883 1034 3920 au
1053 3871 1076 3933 1,
1089 3871 1166 3935 19,1.

96 3947 196 3998 magno
212 3938 257 3986 mi
274 3952 333 3988 eram
347 3937 479 4003 pertento.
674 3938 872 3990 ›dmnltornm
880 3938 1008 3987 mensium
1018 3938 1167 3989 lutor:wie

126 4028 131 4039 ·
150 4027 218 4075 calar
230 4028 257 4072 n.
284 4031 304 4073 a.
320 4029 375 4073 aar.
948 4022 969 4072 b
