2626 4416
164 260 225 324 128
564 266 605 319 ne
615 266 725 345 wemno
743 266 836 319 crunt

162 457 257 518 pauca
272 439 307 500 ad
322 457 406 518 spem
421 439 585 518 largitionis
600 439 724 514 addidit,
740 458 815 518 quae
830 438 866 499 ab
882 458 934 501 sua
950 438 1140 512 liberalitate,
1164 439 1190 500 si
1205 458 1240 501 se
1263 475 1264 478 =

125 535 142 586 4
162 532 250 602 atque
273 524 384 585 Attium
409 524 503 586 secuti
525 533 638 600 essent,
666 531 835 604 exspectare
857 523 1009 585 deberent.
1054 523 1116 584 llac
1138 522 1241 585 habita

163 609 297 670 oratione
319 608 429 670 nullam
445 609 475 670 in
497 618 611 690 partem
634 608 670 670 ab
694 610 824 670 exercitu
841 608 977 670 Curionis
998 609 1031 669 lit
1052 608 1239 688 significatio,

163 704 251 773 atque
265 695 305 755 ita
319 712 387 756 sues
401 702 527 774 uterque
543 695 643 773 copias
657 695 781 755 reducit.

56 835 62 845 ,
165 783 188 844 it
248 775 354 843 aba*
331 779 413 840 ltin
434 778 539 841 cestris
555 779 692 841 Curionis
707 797 834 859 mugnus
849 779 982 840 omnium
1003 778 1124 840 incessit
1147 778 1241 839 timor

163 864 277 926 animis.
307 864 336 926 ls
350 864 436 926 variis
451 864 607 926 hominum
621 864 808 926 sermonibus
822 863 958 925 celeriter
972 871 1106 943 augetur.
1127 860 1240 924 Unus·

164 950 290 1029 quisque
305 950 385 1010 enim
400 949 556 1037 opiniones
571 949 702 1028 tingebat
716 950 795 1010 etad
811 949 856 1024 id,
872 950 952 1028 quod
967 949 1003 1010 ab
1018 949 1079 1010 alio
1094 948 1239 1022 audierat,

125 1048 142 1098 ι
161 1053 207 1095 sur
199 1035 331 1115 aliquid
346 1033 461 1095 timoris
475 1026 609 1095 addebat
639 1034 703 1095 Hoc
718 1034 769 1094 ubi
786 1053 847 1095 uno
862 1042 984 1095 auctore
999 1035 1034 1095 ad
1049 1034 1150 1114 plures
1166 1052 1237 1131 per:

161 1127 330 1180 manaverat
355 1127 443 1198 atque
465 1119 539 1180 alius
560 1119 607 1179 alii
630 1119 804 1193 tradiderat,
822 1119 928 1197 plures
950 1126 1086 1180 auctores
1108 1119 1172 1180 eius
1194 1119 1239 1179 rei
1292 1168 1298 1181 .

123 1204 346 1267 tridebantur.
384 1204 472 1265 Civile
494 1202 621 1280 bellum;
644 1222 739 1282 genus
760 1165 930 1279 bolninum,
954 1204 1002 1266 cui
1018 1204 1122 1264 liceret
1143 1203 1239 1264 libere

163 1290 261 1349 lacere
284 1297 314 1348 et
328 1288 411 1367 sequi
427 1288 507 1367 quod
521 1288 623 1365 vellet;
645 1289 778 1369 legiones
792 1307 858 1363 eae,
883 1307 957 1368 quae
971 1289 1059 1368 paulo
1076 1296 1145 1349 ante
1160 1288 1239 1368 apud

128 1388 143 1437 ι
164 1373 344 1434 adversarios
366 1374 485 1435 tuerent
505 1376 588 1450 (nam
609 1374 698 1435 etiem
720 1373 851 1435 Caesaris
872 1373 1052 1436 beneficium
1073 1382 1256 1441 mutaverat..

164 1459 348 1519 consuetudo
357 1477 439 1537 ,qua
454 1459 636 1520 offerrentur
651 1504 779 1520 ......
781 1461 808 1534 );
829 1459 990 1539 municipia
1006 1459 1093 1520 etiam
1109 1456 1238 1519 adversis

125 1542 297 1688 partibus
312 1544 470 1604 coniuncta
486 1549 606 1626 (neque
612 1547 692 1605 enim
702 1558 739 1605 ex
751 1544 854 1605 Marsis
865 1543 1053 1623 Pelignisque
1069 1544 1237 1615 veniebant,

162 1628 263 1706 utqui
284 1628 439 1725 superiore
454 1638 543 1691 nocte
559 1674 688 1690 ......
691 1629 725 1705 )
717 1649 747 1690 ιιι
771 1626 979 1690 contuberniis
1001 1628 1237 1706 commilitesque

139 1699 302 1791 fnonnulli
317 1714 450 1793 graviora
466 1759 594 1775 ......
610 1732 763 1776 sermones
785 1713 911 1774 militum
931 1712 1013 1775 dubii
1035 1713 1138 1774 durius
1159 1713 1238 1773 acci·

135 1817 144 1875 ι
162 1798 330 1943 piebalptur,
346 1799 484 1860 nonnulli
499 1799 586 1860 etiam
598 1798 665 1860 ab
647 1819 691 1874 us,
708 1817 759 1878 qur
751 1798 972 1878 diligentiores
983 1799 1073 1859 videri
1087 1797 1236 1870 volebant,

162 1886 242 1964 finge
264 1891 361 1944 antur.
644 1907 646 1912 v

248 1965 306 2033 30.
330 1968 445 2040 Quibus
460 1969 495 2031 de
518 1969 614 2031 causis
628 1968 753 2030 consilio
767 1976 870 2030 vocato
886 1969 921 2028 de
940 1986 1053 2029 summa
1067 1985 1170 2028 rerum
1185 1967 1237 2028 de-

162 2053 288 2115 liberare
316 2054 429 2134 incipit.
473 2054 567 2116 Erant
594 2053 775 2127 sententiae,
803 2071 879 2132 quae
905 2052 1075 2114 conandum
1098 2051 1238 2117 omnibus

163 2172 193 2222 2:
212 2171 264 2219 buc
281 2170 423 2221 adiecerat.
439 2199 474 2208 -
492 2171 529 2223 ad
543 2186 631 2237 epern:
651 2174 673 2235 t,
724 2170 775 2221 ben
799 2169 852 2221 and
870 2185 899 2221 sc
921 2167 1082 2231 lbclsenbaft,
1105 2167 1162 2219 dale
1179 2168 1237 2220 eine

164 2239 248 2300 29,1.
723 2236 915 2302 betriedigende
931 2235 1095 2303 llerstellung
1118 2236 1165 2286 mit
1187 2235 1239 2287 den

198 2308 221 2356 4.
248 2306 351 2356 nullum
372 2308 402 2355 ιἰι
417 2309 523 2370 partem
540 2304 573 2368 fit
588 2308 674 2370 signi·
721 2305 836 2370 jetzigen
848 2303 1023 2356 lldlisrnitteln
1035 2304 1189 2356 sebwerlicb
1197 2305 1238 2368 J'e·

162 2372 272 2435 ficatio:
296 2372 366 2424 seinc
384 2372 485 2425 bunede
506 2372 567 2424 land
588 2372 675 2424 wodor
724 2373 790 2424 mals
802 2372 1004 2437 gcliugenwird.
1022 2371 1162 2438 Madvig,
1176 2370 1240 2423 arel-

163 2439 265 2493 0tlenen
273 2439 401 2506 Anklang,
414 2441 480 2492 noch
493 2441 673 2493 entschiedene
725 2440 785 2493 eber
797 2439 931 2492 derselben
943 2440 1050 2491 Ansicht
1062 2441 1104 2504 ist,
1121 2440 1196 2492 sucht
1208 2453 1238 2490 so

163 2508 389 2574 Zunickweisung.
432 2507 531 2560 Nullus
560 2509 674 2574 weniger
724 2507 859 2561 diestelle
875 2507 1047 2560 verstindlicb
1065 2524 1098 2559 zu
1117 2508 1239 2559 macheu:

163 2591 246 2642 genae
258 2577 300 2630 itlr
311 2581 414 2642 neuim,
425 2577 476 2628 wie
489 2578 553 2628 auch
563 2579 675 2643 quisque
724 2577 795 2629 llret
819 2576 898 2627 ciuile
919 2576 1032 2638 bellum;
1050 2591 1138 2642 genus
1155 2577 1241 2627 bomi-

163 2646 232 2697 steht
250 2646 290 2698 fiir
301 2649 413 2711 odorque
431 2645 483 2697 und
500 2651 674 2710 utereturque,
723 2660 798 2710 num,
816 2647 868 2709 cui,
887 2644 960 2709 quod
971 2644 1071 2706 liberet,
1090 2644 1185 2694 liceret
1195 2643 1238 2705 fa-

163 2728 186 2763 z.
195 2713 223 2766 B.
233 2713 287 2765 Liv.
301 2719 323 2779 t,
334 2716 374 2777 24,
385 2717 409 2779 3,
426 2712 478 2765 und
491 2717 538 2779 qui
555 2713 595 2764 fiir
605 2717 674 2765 uter.
725 2729 784 2765 cere
795 2717 822 2763 et
832 2714 916 2778 sequi,
928 2713 1002 2778 qued
1010 2713 1103 2774 vellet,·
1119 2713 1240 2776 legiones

164 2779 190 2833 S.
209 2797 240 2833 zu
260 2786 282 2846 1,
301 2784 342 2845 66,
360 2785 385 2834 4.
725 2798 780 2846 ιιι,
798 2796 866 2847 quae
878 2779 965 2847 paulo
980 2784 1044 2830 ante
1060 2780 1134 2845 apud
1144 2779 1239 2831 udow-

197 2847 244 2903 29.
263 2853 286 2903 1.
304 2850 356 2901 At:
378 2849 497 2915 obgleicb
515 2848 556 2901 die
572 2848 674 2900 Anrede
725 2852 813 2900 ιινίοι
829 2847 943 2910 fuerant
959 2848 1035 2911 (num
1051 2850 1131 2898 etiam
1144 2847 1240 2899 Caeru-

163 2916 674 2982 desVarusffirdennugenbliclrnicbts
724 2920 765 2968 ris
788 2916 916 2978 beneficia
938 2919 1112 2967 imminuerat
1129 2930 1239 2966 consue

163 2985 289 3038 bewirlrte
315 2984 368 3037 und
391 2985 432 3037 die
456 2984 578 3037 Soldeten
604 2984 676 3036 nicbt
726 2985 799 3047 tudo,
815 3000 868 3050 que
881 2985 1073 3048 offerrentur),
1089 2985 1239 3049 municipia

164 3053 281 3105 veritibrt
302 3054 386 3117 hatte,
413 3067 442 3104 so
465 3052 584 3105 entstand
608 3052 675 3104 decb
727 3056 809 3104 ιιίιιιι
826 3053 939 3104 diuersis
950 3054 1077 3118 partibus
1094 3053 1240 3102 coniuncta
1270 3060 1275 3072 '

164 3121 200 3171 im
217 3120 297 3186 Leges
315 3121 400 3186 grosse
416 3120 562 3187 Resorgnis.
574 3149 609 3160 -
622 3136 675 3171 ern·
727 3123 824 3187 (aeque
847 3122 918 3170 enirn
942 3136 978 3170 eu
994 3120 1091 3171 Marses
1108 3121 1240 3184 Pelignu-

163 3192 239 3238 nium
261 3191 371 3239 inceeait
393 3191 475 3240 είιιιοι·
491 3191 602 3253 animis,
625 3189 676 3240 wie
726 3205 776 3255 que
797 3191 968 3251 veniebant),·
992 3191 1018 3237 et
1035 3190 1082 3252 qui
1100 3189 1240 3253 superiore

166 3258 188 3317 3,
199 3259 240 3318 74,
250 3258 277 3308 2ε
297 3260 429 3307 runcino
441 3259 515 3306 omni
531 3262 622 3308 tantur
633 3259 675 3307 in·
726 3261 804 3308 nocte
826 3259 856 3307 in
878 3257 1060 3306 contuberniis
1077 3256 1239 3320 virentesque

165 3326 243 3374 cerui
265 3325 356 3386 dolor,
383 3322 436 3375 und
459 3325 552 3390 euolog
574 3324 625 3375 Cic.
643 3323 676 3376 ad
727 3326 818 3376 auditi
837 3323 950 3385 famant
965 3339 1099 3374 sermones
1121 3323 1238 3373 militum

164 3391 233 3441 Fam.
246 3394 284 3455 16,
297 3395 335 3454 12,
346 3394 374 3443 2ι
388 3396 474 3443 mirus
485 3395 586 3443 inuasit
595 3391 676 3454 furor
726 3393 811 3455 dcciii,
828 3392 924 3443 durius
942 3393 1151 3457 accipiebantur,
1171 3405 1239 3442 non·

164 3475 219 3509 non
230 3460 316 3511 solum
328 3461 464 3525 improbes,
481 3460 529 3511 red
544 3463 624 3511 etiarn
641 3463 676 3510 iis
726 3460 798 3511 nulli
815 3462 896 3510 etiam
914 3461 946 3511 ab
964 3462 1007 3522 iis,
1026 3464 1074 3525 qui
1084 3460 1240 3524 diligentio-

165 3541 223 3580 us.
236 3542 269 3578 rr.
300 3527 379 3579 Sonst
393 3526 479 3579 finden
497 3527 552 3579 sicb
569 3528 612 3580 bei
624 3527 675 3579 Cic.
726 3545 770 3580 ree
791 3528 879 3579 uideri
898 3529 1034 3592 roboant,
1057 3526 1238 3593 fingebantur.

164 3595 218 3648 und
229 3595 307 3648 diser
324 3595 400 3647 keine
411 3594 539 3661 Beispiele
553 3595 593 3646 liu
605 3599 676 3647 ince-
760 3593 808 3651 80.
834 3600 857 3649 1.
880 3611 984 3647 summu
1006 3611 1112 3659 rerum,
1135 3595 1177 3647 die
1195 3609 1240 3660 ge·

165 3665 228 3716 dere
248 3664 302 3716 und
318 3664 446 3715 incudm
468 3664 514 3715 mit
535 3663 593 3716 dem
610 3663 677 3730 Dat,
727 3668 809 3716 eemte
825 3663 894 3730 Lege
916 3664 961 3716 der
981 3663 1075 3730 Dioge,
1101 3664 1191 3715 andeis
1216 3666 1239 3726 1,

165 3732 280 3785 melitene
288 3732 351 3784 eber
359 3732 401 3784 bei
411 3731 497 3783 Livius
509 3732 562 3784 und
571 3731 677 3787 Sallust.
729 3735 770 3796 21,
789 3735 813 3786 6.
831 3761 864 3770 -
881 3733 972 3784 Erunt
986 3734 1145 3796 sententiae,
1170 3746 1240 3796 quae

166 3799 193 3853 S.
211 3801 260 3852 den
279 3800 398 3867 Anhang.
729 3829 761 3840 --
775 3805 918 3852 manent.
936 3799 965 3851 B.
976 3798 1004 3851 G.
1016 3802 1040 3863 t,
1052 3802 1093 3864 11,
1106 3801 1135 3850 2:
1153 3801 1239 3850 uariis

200 3873 214 3920 3
228 3885 253 3920 u.
266 3872 291 3922 1.
310 3871 388 3921 ciuile
400 3869 497 3920 bellum
507 3885 532 3921 u.
545 3883 567 3920 s.
576 3884 610 3922 w,
632 3867 677 3920 bie
729 3869 807 3920 dietis
817 3869 965 3932 ιιιιιιιιιίίι,
976 3882 1092 3986 puerum
1099 3882 1167 3933 pare
1178 3881 1238 3917 een-

167 3951 247 4002 gance
260 3935 341 3990 Stella
357 3937 393 3989 ist
409 3935 678 3990 soriellnchverdor-
730 3939 840 3989 aetatu.
854 3939 878 3988 ὁ.
908 3933 959 3988 Das
999 3933 1099 3987 ridilrat
1115 3933 1150 3986 ist
1167 3933 1240 3987 nicht
