2626 4416
161 220 222 284 176
556 225 597 277 DE
616 223 718 276 Bulbo
737 222 830 276 (illllhl

122 410 137 460 3
159 399 290 461 Cassium
305 399 474 478 Longinum
489 398 519 459 in
536 397 717 460 Thessaliam
732 399 887 459 convertit.
917 397 981 459 lloc
1003 396 1076 458 adeo
1098 397 1240 460 celeriter

159 484 236 560 fecit,
251 493 285 546 ut
299 484 386 546 simul
402 485 503 545 adesse
515 491 545 544 et
555 484 655 545 venire
671 483 869 558 nuntiaretur,
886 491 915 544 et
926 502 985 562 quo
999 483 1056 543 iter
1072 483 1240 563 expeditius

159 571 278 645 iaceret,
294 570 331 630 M.
344 569 505 630 Favonium
517 568 553 629 ad
564 569 674 629 humen
687 567 898 640 Aliacmonem,
914 568 993 646 quod
1005 568 1211 631 Macedoniam
1223 588 1239 630 a

160 655 309 716 Thessalia
325 655 441 730 dividit,
463 671 531 714 cum
547 654 719 715 cohortibus
734 672 783 713 vm
798 652 943 732 praesidio
959 653 1179 732 impedimentis
1195 655 1239 716 le·

123 750 139 799 4
160 739 283 819 gionum
298 739 418 818 reliquit
435 740 647 818 castellumque
662 738 704 799 ibi
718 738 829 799 muniri
844 738 937 800 iussit.
967 737 1080 799 Eodem
1103 747 1239 820 tempore

161 825 308 902 equitatus
323 825 401 903 regis
415 825 513 906 Cotyis
529 825 565 885 ad
580 832 676 885 castra
690 824 770 886 Cassi
786 822 936 899 advolau't,
953 823 1003 902 qui
1019 824 1133 885 circum
1144 825 1238 888 Thes·

123 920 138 969 5
159 910 260 971 saliam
282 928 346 971 esse
369 918 536 971 consuerat.
567 908 642 970 Tum
665 909 771 970 timore
794 909 970 988 perterritus
986 908 1101 971 Cassius
1117 913 1237 991 cognito

161 992 309 1073 Scipionis
325 995 452 1058 adventu
466 993 593 1074 visisque
609 994 766 1073 equitibus,
783 1013 858 1074 quos
870 994 1018 1074 Scipionis
1033 1013 1096 1057 esse
1112 995 1238 1058 arbitra-

160 1080 258 1155 batur,
274 1080 311 1141 ad
325 1087 443 1141 montes
457 1098 490 1141 se
505 1080 659 1155 convertit,
675 1079 727 1159 qui
742 1078 922 1140 Thessaliam
938 1079 1077 1158 cingunt,
1098 1090 1188 1162 atque
1203 1101 1239 1144 ex
1260 1130 1263 1137 n

127 1177 142 1227 6
162 1165 207 1227 his
228 1164 302 1226 locis
325 1165 510 1226 Ambraciam
532 1182 635 1226 versus
656 1165 714 1226 iter
736 1165 833 1224 lacere
856 1165 963 1245 coepit.
1007 1165 1045 1225 At
1066 1165 1239 1247 Scipionem

161 1258 372 1330 properantem
387 1250 471 1328 sequi
485 1250 598 1312 litterae
618 1258 688 1312 sunt
703 1254 880 1311 consecutae
895 1268 911 1309 a
926 1249 964 1310 M.
981 1249 1121 1327 Favonio,
1137 1252 1240 1314 Domi-

160 1336 235 1396 tium
250 1352 318 1395 cum
333 1334 501 1414 legionibus
515 1337 616 1397 adesse
632 1353 730 1414 neque
741 1354 772 1396 sc
787 1334 976 1414 praesidium,
992 1335 1044 1396 ubi
1060 1338 1240 1400 constitutus

125 1431 139 1480 ‘l
161 1429 252 1496 esset,
268 1420 332 1482 sine
349 1419 455 1481 auxilio
472 1420 621 1500 Scipionis
634 1430 739 1482 tenere
754 1439 851 1500 posse.
882 1420 997 1492 Quibus
1011 1421 1117 1484 litteris
1133 1441 1239 1502 accep·

161 1505 199 1567 tis
221 1505 378 1568 consilium
396 1504 496 1588 Scipio
518 1506 633 1585 iterque
656 1514 831 1582 commutat;
855 1504 985 1567 Cassium
1008 1507 1093 1585 sequi
1115 1507 1237 1583 desistit,

124 1598 139 1649 8
160 1589 289 1651 Favonio
313 1591 454 1652 auxilium
476 1592 553 1652 ferre
577 1591 740 1652 contendit.
776 1589 878 1669 ltaque
905 1591 950 1652 die
973 1610 1007 1652 ac
1031 1601 1118 1653 nocte
1143 1594 1240 1655 conti·

162 1683 253 1736 nuato
269 1676 376 1737 itinere
392 1675 428 1735 ad
440 1694 507 1736 eum
522 1676 667 1756 pervenit,
683 1686 742 1737 tam
758 1685 930 1755 opportuno
945 1686 1088 1756 tempore,
1103 1687 1138 1739 ut
1152 1678 1241 1740 simul

162 1761 321 1823 Domitiani
343 1761 489 1822 exereitus
505 1762 599 1840 pulvis
615 1768 789 1839 cerneretur
803 1768 832 1821 et
847 1761 935 1841 primi
951 1771 1159 1825 antecursores
1173 1764 1240 1825 Sci·

161 1846 260 1927 pionis
271 1846 453 1908 viderentur.
479 1846 523 1908 lta
535 1846 635 1909 Cassio
647 1846 793 1908 industria
804 1845 933 1921 Domitii,
950 1846 1078 1909 Favonio
1092 1847 1240 1929 Scipionis

162 1932 297 1994 celeritas
312 1932 436 1993 salutem
451 1931 557 1992 attulit.

248 2013 304 2081 37.
327 2016 428 2095 Scipio
451 2017 574 2078 biduum
596 2017 627 2078 in
651 2017 755 2078 castris
775 2016 888 2079 stativis
910 2025 1041 2078 moratus
1063 2019 1099 2078 ad
1117 2019 1240 2092 flumen,

164 2102 242 2180 quod
257 2101 335 2163 inter
350 2119 417 2162 eum
433 2111 463 2163 et
476 2101 707 2163 Domitiicastra
722 2101 842 2173 fluebat,
857 2101 1074 2178 Aliacmonem,
1090 2103 1179 2164 tertio
1195 2103 1243 2164 die

163 2187 258 2266 prima
274 2186 340 2248 luce
362 2186 523 2247 exercitum
539 2187 612 2247 vado
628 2187 754 2247 traducit
769 2195 799 2247 et
813 2187 916 2248 castris
931 2187 1035 2266 positis
1057 2197 1181 2266 postero
1195 2189 1243 2253 die

127 2280 249 2332 amane
276 2271 375 2350 copias
400 2279 468 2332 ante
494 2273 623 2333 frontem
650 2280 815 2333 castrorum
840 2272 968 2335 instruit.
1009 2272 1154 2335 Domitius
1178 2282 1244 2336 tum

165 2375 284 2435 quoque
298 2355 353 2418 sihi
368 2354 563 2418 dubitandum
579 2375 641 2418 non
656 2357 783 2438 putavit,
806 2357 878 2435 quin
902 2358 1055 2436 productis
1074 2357 1244 2437 legionibus

166 2471 677 2539 eiciebat,16,5e:qaa,eomprae-
727 2476 772 2526 ten
795 2487 828 2524 an
852 2472 900 2524 den
926 2471 1040 2525 Grenzeu
1060 2473 1242 2537 Thessaliens;

165 2547 209 2592 tor
220 2543 400 2607 qaaestionem
417 2543 490 2592 inter
505 2543 619 2592 sicarios
631 2558 676 2593 ea·
730 2546 752 2606 l,
766 2543 806 2605 37,
822 2545 848 2603 13
861 2539 890 2592 Β.
903 2539 932 2593 G.
945 2545 970 2607 6,
984 2543 1024 2606 24,
1037 2545 1065 2593 2:
1082 2558 1151 2607 qaae
1162 2543 1243 2605 fenti-

164 2611 352 2674 mantenano
367 2613 458 2676 aperte
471 2612 677 2676 cepitpecnniar
730 2611 829 2661 decima
853 2613 918 2662 anat
939 2610 998 2661 loca
1020 2613 1122 2662 manem
1140 2612 1244 2679 Hercy-

165 2680 195 2741 (ε.
207 2677 312 2743 Madvig
328 2693 360 2729 zu
373 2677 457 2729 dieser
469 2675 559 2740 Stelle)
579 2677 630 2729 und
645 2678 677 2730 od
727 2681 803 2729 niam
819 2677 923 2729 siloam.

165 2746 224 2798 lam.
240 2748 279 2810 15,
289 2749 313 2808 4,
325 2749 353 2798 6:
370 2761 430 2796 cram
446 2746 483 2796 ad
493 2744 617 2814 Cybistra
631 2784 637 2798 .
651 2784 677 2798 ..
763 2749 787 2800 6.
801 2745 967 2813 praesidinm
979 2745 1034 2798 hier
1046 2745 1087 2797 ein
1099 2748 1147 2799 ruit
1159 2746 1244 2817 Trup-

165 2817 283 2882 quinque
292 2814 348 2864 dies
358 2830 439 2865 eacan
446 2818 575 2876 moratas,
588 2829 678 2880 regem
748 2829 779 2866 en
791 2814 921 2868 hesetnter
934 2813 1013 2867 iester
1024 2812 1097 2865 Platz
1109 2816 1142 2879 (c.
1155 2819 1198 2880 45,
1213 2819 1243 2879 23

164 2883 371 2934 Ariobarzanen
392 2912 424 2920 -
443 2911 476 2920 -
489 2885 678 2949 praesentibus
727 2831 1040 2949 beniamineae
1054 2884 1245 2936 erwihnteca·

164 2953 272 3002 insidiis
288 2953 492 3017 necopinantem
510 2951 622 3002 bberaoi
638 2951 678 3016 (er
727 2951 841 3002 stellam.

164 3019 210 3070 hat
237 3019 283 3070 ihu
317 3018 411 3070 befreit
440 3018 561 3072 wibrend
593 3019 677 3071 selues
762 3017 807 3074 87.
834 3023 855 3071 i.
874 3019 943 3071 trado
965 3019 1092 3071 traducit.
1126 3019 1186 3072 Abl.
1204 3022 1246 3073 in-

165 3086 331 3139 Aulenthalts
354 3087 379 3138 in
399 3086 529 3155 Cybistra;
553 3087 614 3139 aber
632 3087 677 3139 das
729 3091 826 3151 strum,
839 3085 963 3140 olene.
977 3089 1062 3152 1‚c‚2:
1074 3090 1143 3140 cado
1154 3094 1247 3141 trans-

165 3154 283 3206 Beireien
302 3169 357 3206 war
375 3159 426 3206 erst
448 3154 526 3221 lertig
543 3155 609 3207 noch
625 3155 678 3207 Ab·
729 3157 795 3206 itan

166 3222 222 3275 laul
238 3222 282 3274 der
299 3222 461 3289 linitigigen
480 3223 563 3288 Trist).
763 3225 787 3275 2.
799 3219 1247 3288 tnmqnoquefflomitiuswareute

201 3292 225 3342 3.
238 3295 270 3340 nt
280 3290 362 3340 amul
372 3290 461 3342 adesse
473 3295 499 3341 et
509 3293 678 3342 venirenan-
730 3290 862 3343 schlosseu
876 3304 1007 3356 genesen,
1023 3291 1153 3345 Favonius
1166 3309 1247 3348 auzo-

166 3361 298 3408 tiaretur:
310 3373 338 3410 er
349 3357 434 3410 lubrie
443 3357 492 3410 deu
501 3374 551 3411 von
565 3358 678 3410 nieman·
717 3357 840 3425 ·greilen;
860 3371 887 3409 er
905 3361 1009 3425 uigente
1021 3359 1083 3412 aber
1100 3362 1164 3413 auch
1174 3361 1247 3425 jetzc

167 3426 224 3478 deru
255 3425 364 3478 eahuten
377 3424 525 3478 Eutschluls
538 3441 567 3478 so
580 3425 678 3478 schnell
729 3425 808 3491 nicht,
818 3440 860 3478 wo
868 3422 955 3494 Scipio
963 3431 1148 3480 unerwarteter
1154 3428 1246 3484 Welse

167 3510 221 3559 aus,
234 3441 290 3547 dass
301 3493 342 3547 dle
352 3492 497 3558 Nacbricht,
510 3509 538 3546 er
550 3493 588 3546 sel
597 3494 677 3546 schon
730 3493 916 3563 angekommeu
929 3509 991 3561 war,
1010 3495 1051 3548 die
1064 3496 1185 3549 Schlaeht
1199 3514 1246 3551 an-

167 3563 207 3627 da,
225 3563 272 3614 mit
290 3560 346 3627 der,
365 3560 420 3614 dass
438 3577 466 3614 er
482 3561 626 3630 uberhaupt
643 3562 677 3614 im
730 3562 880 3616 zuuebmeu.
908 3562 1018 3630 Ortoque
1035 3580 1090 3616 non
1106 3590 1140 3609 =
1156 3582 1192 3617 ne
1210 3596 1246 3605 —

166 3631 273 3697 Anzuge
290 3631 335 3698 sei,
353 3629 471 3697 augleich
489 3630 514 3681 in
527 3629 678 3684 Thessalien
730 3631 844 3698 quidem,
856 3630 907 3684 wie
919 3634 1000 3684 etiam
1008 3634 1079 3685 nihil
1088 3637 1110 3697 1,
1121 3635 1161 3698 85,
1172 3637 1196 3688 9.
1209 3664 1246 3674 -

165 3697 280 3751 bekannt
298 3697 394 3752 wurde.
731 3698 908 3751 dubitandum
920 3716 975 3752 non
1005 3704 1099 3753 uincit.
1117 3699 1180 3754 Non
1195 3702 1247 3754 da-

201 3771 225 3820 4.
244 3770 317 3837 regia
335 3767 441 3835 Cotyn:
459 3783 481 3822 c.
500 3771 525 3834 4,
539 3770 562 3821 3.
581 3797 613 3807 -
633 3770 680 3834 qni
731 3769 785 3819 dito
803 3767 854 3820 ich
872 3772 963 3835 trage
979 3717 1246 3823 isciuBedenken

166 3837 317 3903 (equitatus)
335 3839 435 3888 ciream
452 3835 612 3888 Thessaliam
625 3853 679 3887 ene
730 3836 775 3888 leot
793 3836 956 3904 gewdhnlieh
978 3836 1028 3890 den
1044 3835 1157 3889 Infinitiv
1176 3841 1246 3893 nach

168 3907 325 3955 consecrat:
338 3919 369 3956 an
382 3903 679 3958 verschiedenenPouh·
731 3903 797 3967 sich,
822 3902 902 3957 lindet
919 3904 974 3958 sich
992 3904 1053 3957 aber
1071 3906 1136 3958 auch
1154 3906 1246 3977 hiufig
