2626 4416
133 197 194 258 136
528 192 798 248 nscnntocrvm

133 368 258 431 munitio
274 377 438 430 castrorum
454 364 563 428 aditum
578 366 792 447 prohibebant,
815 374 877 428 tum
900 366 980 446 quod
1001 367 1039 428 ad
1061 368 1219 448 proelium

134 454 245 534 egressi
261 453 398 515 Curionis
414 452 519 513 milites
533 451 568 513 iis
583 452 673 513 rebus
691 451 879 531 indigebant,
902 470 978 530 quae
993 453 1028 513 ad
1052 471 1219 533 oppugna·

96 545 113 595 6
133 539 246 600 tionem
269 547 435 599 castrorum
458 542 542 598 erant
555 537 631 599 usui.
662 537 763 615 ltaque
779 536 868 598 Curio
887 537 1049 598 exercitum
1067 538 1099 598 in
1117 546 1219 600 castra

134 623 267 696 reducit,
290 622 350 683 suis
366 621 503 683 omnibus
518 630 637 701 praeter
652 620 774 682 Fabium
790 621 1001 694 incolumibus,
1023 641 1061 683 ex
1084 640 1218 685 numero

135 707 367 769 adversariorum
393 707 511 768 circiter
535 725 571 767 nn
598 707 762 769 interiectis
788 725 822 767 ac
848 707 927 766 mille
953 708 1131 784 vulneratis3
1163 708 1218 788 quii

136 811 240 853 omnes
262 792 392 854 discessu
414 791 552 854 Curionis
574 791 718 870 multique
740 800 893 871 praeterea
914 809 969 870 per
990 792 1218 855 simulationem

134 877 291 938 vulnerum
305 896 341 938 ex
355 878 458 939 castris
473 877 504 937 in
520 876 661 955 oppidum
676 885 800 956 propter
814 876 949 937 timorem
964 895 1031 938 sese
1049 877 1216 957 recipiunt.

98 969 113 1019 t
135 962 246 1033 Quare
268 963 469 1023 animadversa
490 961 585 1022 Varus
606 969 636 1021 et
658 969 773 1022 terrore
795 962 941 1023 exercitus
963 962 1103 1042 cognito,
1127 962 1216 1024 buci-

135 1054 238 1108 natore
260 1048 291 1108 in
315 1047 418 1108 eastris
440 1055 469 1107 et
483 1045 585 1125 paucis
602 1046 636 1106 ad
652 1045 782 1124 speciem
804 1046 1001 1108 tabernaculis
1023 1046 1155 1123 relictis,
1178 1048 1217 1110 de

135 1132 220 1192 tertia
235 1131 331 1210 vigilia
347 1131 465 1193 silentio
481 1130 646 1191 exereitum
659 1131 689 1191 in
707 1132 849 1210 oppidum
863 1132 986 1192 reducit.

132 1268 176 1287 ...
221 1212 278 1279 36.
302 1216 426 1277 Postero
452 1215 498 1276 die
526 1214 614 1276 Curio
637 1214 773 1276 obsidere
796 1217 910 1277 Uticam
932 1226 962 1277 et
984 1216 1059 1277 vallo
1081 1216 1217 1279 circum·

135 1301 254 1361 munire
270 1300 405 1362 instituit.
435 1300 507 1361 Erat
521 1299 552 1361 in
564 1300 674 1379 oppido
690 1301 846 1362 multitudo
863 1301 994 1362 insolens
1010 1301 1080 1361 belli
1094 1301 1217 1365 diutur-

137 1386 229 1446 nitate
246 1385 314 1460 otii,
331 1385 485 1447 Uticenses
499 1403 555 1464 pro
572 1384 746 1464 quibusdam
761 1386 892 1447 Caesaris
907 1387 937 1446 in
953 1405 985 1447 se
1000 1385 1159 1448 beneficiis
1173 1387 1217 1448 illi

137 1469 313 1545 amicissimi,
329 1479 495 1532 conventus
509 1471 543 1544 is,
559 1470 610 1549 qui
620 1489 657 1532 ex
668 1471 753 1532 variis
764 1470 925 1549 generibus
939 1479 1098 1546 constaret,
1114 1480 1218 1533 terror

100 1563 116 1612 t
135 1573 171 1615 ex
185 1555 390 1635 superioribus
403 1555 523 1635 proeliis
537 1573 672 1634 magnus.
702 1556 804 1634 ltaque
819 1556 855 1617 de
870 1554 1020 1617 deditione
1035 1574 1142 1618 omnes
1160 1575 1216 1636 pa-

135 1641 194 1701 lam
208 1639 409 1718 loquebantur
423 1648 452 1701 et
466 1657 535 1701 cum
549 1640 581 1701 P.
597 1641 676 1700 Attio
692 1640 828 1719 agebant,
846 1659 883 1701 ne
898 1659 950 1702 sua
965 1641 1130 1719 pertinacia
1150 1660 1217 1703 om·

98 1732 113 1781 3
135 1725 218 1786 nium
241 1725 377 1786 fortunas
399 1725 567 1805 perturbari
588 1725 683 1785 vellet.
720 1725 799 1786 llaec
822 1743 889 1786 cum
913 1734 1089 1804 agerentur,
1114 1726 1217 1788 nuntii

135 1810 289 1890 praemissi
312 1809 348 1870 ab
363 1828 433 1889 rege
456 1809 527 1871 luba
541 1818 703 1884 venerunt,
727 1811 778 1889 qui
792 1809 875 1871 illum
891 1811 991 1872 adesse
1006 1828 1076 1870 cum
1097 1811 1217 1891 magnis

136 1895 229 1974 copiis
252 1895 386 1956 dicerent
408 1896 488 1956 etde
511 1895 643 1956 custodia
658 1913 692 1956 ac
715 1895 889 1956 defensione
906 1895 988 1956 urbis
1010 1895 1217 1958 hortarentur.

137 1978 281 2049 Quaeres
296 1997 399 2040 eorum
415 1980 590 2058 perterritos
605 1978 720 2041 animos
735 1979 927 2041 confirmavit.

223 2060 280 2127 37.
296 2063 517 2126 Nuntiabantur
531 2064 604 2124 haec
615 2065 717 2125 eadem
728 2063 861 2139 Curioni,
878 2065 928 2125 sed
945 2063 1126 2142 aliquamdiu
1142 2065 1218 2127 tides

100 2153 116 2202 t
136 2147 200 2208 fieri
216 2165 278 2208 non
294 2155 425 2225 poterat;
440 2155 553 2209 tantam
567 2147 696 2210 babebat
708 2167 829 2210 suarum
844 2166 944 2210 rerum
959 2149 1105 2209 fiduciam.
1137 2149 1217 2210 lam·

138 2249 195 2309 que
211 2230 340 2292 Caesaris
356 2231 385 2292 in
402 2231 543 2310 Hispania
554 2250 603 2294 res
616 2234 763 2294 secundae
775 2233 806 2292 in
820 2233 948 2295 Africam
964 2234 1078 2294 nuntiis
1092 2241 1124 2294 et
1136 2234 1217 2296 litte·

136 2316 177 2376 ris
192 2313 428 2394 perimebantur.
459 2315 575 2386 Quibus
590 2317 680 2378 rebus
702 2316 840 2378 omnibus
862 2319 994 2379 sublatus
1013 2317 1087 2378 nihil
1108 2327 1217 2380 contra

98 2406 113 2456 s
136 2418 168 2462 se
182 2418 284 2479 regem
299 2417 441 2462 ausurum
457 2400 648 2462 existimabat.
680 2403 738 2464 Sed
752 2401 805 2463 ubi
828 2403 916 2465 certis
938 2402 1111 2464 auctoribus
1130 2420 1216 2464 com·

171 2570 194 2618 6.
212 2565 426 2627 coaccesserit
451 2582 483 2618 ac
503 2568 575 2619 voille
591 2569 649 2618 ortt·
699 2567 813 2633 Bdrgem
832 2584 884 2620 von
902 2568 974 2621 Utica
988 2570 1145 2634 (Uticenses)
1163 2570 1217 2622 und

135 2636 247 2684 amabe.
259 2631 325 2699 App.
338 2636 361 2698 2,
369 2637 415 2687 442
432 2637 588 2704 Κουρίωνος
590 2637 650 2753 plo
700 2635 771 2688 diese
782 2636 879 2690 wieder
890 2653 942 2688 von
955 2637 1005 2688 den
1017 2637 1074 2688 dort
1090 2637 1148 2704 sich
1160 2637 1218 2689 auf-

136 2698 173 2752 atc
196 2698 264 2768 ἀνὴρ
281 2701 392 2766 ἔπεσεν,
416 2697 520 2772 Οὐάρου
543 2698 574 2754 δὲ
605 2701 649 2764 ξα·
700 2704 838 2756 baltenden
855 2703 1127 2769 romiscbenBtrrgern
1141 2710 1218 2769 (coa-

136 2765 224 2820 κόσιοι
258 2771 304 2819 καὶ
336 2767 557 2839 κατετρώθησαν
590 2772 650 2822 ἔτι
699 2776 811 2834 vendes).
829 2802 863 2811 -
880 2774 995 2824 insolens
1016 2772 1079 2823 totle·
1097 2773 1150 2824 wie
1173 2776 1216 2824 in·

137 2833 289 2889 πλείονες
310 2837 379 2903 zeigt
401 2837 572 2904 wenigstens‚
594 2838 649 2890 dass
700 2844 791 2891 suetus
800 2843 886 2905 (1,44,
896 2844 922 2903 4)
935 2840 1074 2892 mitGenit.
1084 2838 1147 2892 Sall.
1159 2839 1215 2894 Get

137 2919 164 2956 es
188 2905 259 2956 nicht
283 2904 381 2956 heilsen
406 2905 475 2957 kann
498 2906 547 2957 Dc
568 2910 651 2957 tuter-
703 2911 764 2972 3,l:
782 2909 899 2958 insolens
913 2911 1045 2959 matarum
1057 2910 1168 2960 ortium.
1180 2937 1216 2947 -

136 2971 216 3033 sectio
237 2987 269 3022 ac
290 2974 451 3039 nummatis,
477 2974 528 3025 wie
550 2973 576 3026 in
599 2974 648 3026 den
696 2975 1017 3041 proquibusdcaosaris
1032 2975 1215 3038 incedenefl:

137 3039 245 3090 meisten
257 3039 453 3093 Handsobrilten
471 3042 548 3094 steht.
577 3041 648 3094 Zwei
700 3041 764 3096 San
776 3045 1076 3105 l‚34,3.-coeoentue:
1096 3046 1212 3109 1‚14,t;

137 3105 333 3158 Handsebriiten
351 3109 525 3172 haberentue,
543 3108 585 3162 die
598 3109 648 3161 llo·
700 3113 724 3175 2,
736 3113 775 3175 tt,
785 3113 808 3162 3.
821 3138 855 3149 -
867 3113 915 3175 qui
932 3116 1081 3162 constaret.-
1099 3125 1150 3162 von
1169 3110 1215 3164 der

137 3173 300 3240 penbagener
323 3175 368 3227 bat
386 3176 434 3229 00.
451 3205 485 3215 -
500 3193 550 3242 per
567 3180 648 3228 erno·
699 3176 754 3242 Art,
766 3177 822 3230 dats
833 3208 868 3217 -
881 3178 931 3229 wie
944 3194 966 3233 c.
976 3182 1016 3241 29,
1030 3183 1057 3232 2:
1066 3194 1155 3245 genus
1166 3181 1213 3231 bo·

138 3243 265 3303 lationem
281 3243 429 3306 vulnerum.
465 3243 491 3294 S.
512 3247 535 3308 1,
552 3247 576 3308 c,
595 3249 619 3297 4.
699 3248 809 3311 minum,
826 3246 981 3298 ediliceret.
1005 3247 1055 3298 Der
1065 3246 1214 3299 Conventus

173 3312 197 3360 t.
215 3308 313 3361 Varus.
339 3308 408 3362 Uber
419 3311 460 3362 die
473 3310 592 3378 Stellnng
604 3311 649 3365 des
700 3328 754 3364 war
776 3328 822 3365 aus
839 3312 936 3366 Leuten
953 3315 1149 3368 verschiedener
1167 3330 1214 3382 po-

138 3375 264 3441 Subjekts
281 3377 472 3430 zwisebenden
485 3379 577 3432 beiden
589 3379 649 3432 Par·
700 3381 815 3433 litiscber
841 3380 990 3450 Gesinnung
1016 3383 1153 3449 gemiscbt,
1183 3397 1213 3435 so

138 3445 182 3497 tici
200 3444 324 3497 ials'aitzen
342 3461 364 3497 z.
382 3461 415 3497 zu
433 3450 457 3509 3,
476 3450 517 3511 76,
537 3451 559 3499 1.
700 3448 756 3501 dats
768 3449 833 3501 auch
843 3465 894 3501 von
907 3450 991 3503 dieser
1000 3450 1071 3504 Seite
1085 3451 1146 3502 luein
1157 3453 1214 3502 ent·

156 3583 177 3635 e,
192 3513 409 3634 sss'oltnc'g'lu‘dtssdo
418 3514 650 3636 fflffltpssssneefflffffs
701 3517 849 3637 spppedener
861 3516 1024 3572 Widerstand
1042 3522 1214 3623 euervmrten

138 3597 222 3716 l‘olk’,
240 3648 269 3702 B.
289 3649 318 3702 G.
339 3653 361 3715 1,
381 3597 467 3714 1ξ1ἱ2,
485 3599 607 3717 4,21ζ,ἶ1;
626 3657 650 3718 5,
733 3625 778 3709 Ul.
799 3660 820 3708 1.
847 3654 913 3717 fider
934 3654 996 3717 fiori
1016 3623 1073 3706 soon
1088 3657 1215 3721 poterat.-

139 3720 179 3780 tt,
193 3722 207 3771 3
220 3734 245 3770 u.
258 3721 282 3770 d.
310 3717 386 3770 Diese
398 3717 498 3785 blenge,
517 3719 559 3772 die
571 3719 651 3772 durch
703 3721 751 3787 eig.
765 3737 793 3774 es
805 3721 903 3775 konnte
915 3721 975 3775 lein
984 3721 1082 3775 Glaube
1096 3720 1214 3784 bewirlct,

138 3783 651 3854 desgetldchtetebandvollcvergrblsert
702 3790 774 3842 nicht
795 3790 906 3843 bewirlct
923 3790 1040 3856 werden,
1061 3789 1118 3842 dats
1139 3804 1215 3843 eres

138 3852 236 3917 wude,
252 3854 317 3908 wird
328 3854 526 3909 unterschieden
537 3871 589 3908 von
601 3855 651 3908 den
703 3856 814 3923 glanbte.
841 3857 868 3912 S.
881 3857 910 3911 B.
923 3858 952 3912 (l.
965 3862 989 3922 b,
1001 3862 1043 3924 41,
1055 3861 1084 3920 4;
1096 3861 1121 3923 6,
1133 3861 1175 3922 41,
1188 3859 1214 3910 2.
