2626 4416
554 247 572 300 1.
591 249 702 302 ro-re.
763 264 766 268 ·
1127 224 1169 306 93

96 422 222 507 nullum,
243 439 371 500 quorum
385 427 471 481 erant
486 427 515 480 et
527 419 679 481 facultates
694 421 729 481 ed
743 420 907 501 parandum
922 421 1044 499 exiguae
1059 430 1089 482 et
1103 438 1171 481 cor-

96 525 170 587 pora
193 507 310 567 insueta
332 505 368 566 ad
393 523 483 566 onera
503 504 658 585 portanda.
686 505 788 587 ltaque
804 524 930 585 magnus
945 524 1049 566 eorum
1064 506 1172 567 cotidie
1194 514 1209 564 2
1289 568 1291 573 ,

98 609 241 653 numerus
252 592 286 652 ad
300 591 453 653 Caesarem
464 590 658 670 perfugiebat.
688 590 723 650 ln
739 591 785 651 his
800 599 862 651 erat
875 589 1019 669 angustiis
1033 608 1090 652 res.
1114 590 1173 651 Sed
1195 599 1209 647 3

98 697 134 739 cx
145 676 306 758 propositis
317 675 448 737 consiliis
458 673 574 736 duobus
586 674 750 755 explicitius
761 675 1044 736 videbaturllerdam
1055 676 1172 750 reverti,

97 762 178 841 quod
193 761 233 822 ibi
248 761 369 841 paulum
383 759 527 821 frumenti
541 760 732 838 reliquerant.
753 759 799 820 lbi
814 779 845 821 se
856 760 1005 840 reliquum
1016 760 1174 822 consilium

99 847 296 927 explicaturos
323 844 522 906 confidebant.
554 845 683 905 Tarraco
709 843 811 905 aberat
834 845 967 924 longius3
995 864 1055 924 quo
1081 846 1175 925 spatio
1196 857 1212 905 4

98 933 200 1013 plures
215 949 280 992 rem
293 950 380 1010 posse
395 949 480 992 casus
494 930 628 1010 recipere
641 928 861 1009 intellegebant.
887 929 952 990 Hoc
963 931 1088 1010 probato
1101 950 1175 992 eon·
1197 941 1211 989 5

99 1017 165 1078 silio
187 1035 222 1076 ex
245 1015 350 1076 castris
370 1015 610 1095 proficiscuntur.
641 1015 746 1076 Caesar
767 1015 898 1093 equitatu
919 1016 1096 1095 praemisso,
1123 1016 1174 1096 qui

100 1101 292 1162 novissimum
304 1118 410 1180 agmen
421 1109 556 1180 carperet
567 1112 655 1179 atque
667 1100 830 1180 impediret,
846 1099 910 1180 ipse
925 1119 993 1161 cum
1008 1100 1175 1180 legionibus
1197 1123 1203 1130 ·

99 1186 301 1264 subsequitur.
331 1186 451 1247 Nullum
474 1185 677 1247 intercedebat
702 1194 833 1266 tempus,
860 1186 932 1264 quin
958 1185 1080 1246 extremi
1106 1205 1176 1246 cum

101 1271 250 1350 equitibus
264 1271 491 1350 proeliarentur.

187 1351 244 1419 79.
268 1355 369 1417 Genus
390 1363 453 1416 erat
472 1355 531 1415 hoc
552 1372 680 1434 pugnae.
710 1354 870 1434 Expeditae
892 1356 1030 1416 cohortes
1052 1354 1176 1416 novissi·

101 1460 184 1502 mum
204 1459 311 1519 agmen
332 1439 508 1502 claudebant
529 1441 690 1519 pluresque
712 1440 743 1501 in
767 1439 839 1500 locis
865 1441 1079 1519 campestribus
1105 1440 1176 1501 sub-

100 1525 254 1588 sistebant.
277 1526 307 1587 Si
322 1543 409 1586 mons
424 1533 488 1584 crat
501 1525 716 1599 ascendendus,
732 1524 818 1584 facile
833 1524 896 1605 ipsa
911 1525 970 1586 loci
981 1534 1088 1586 natura
1098 1525 1178 1606 peri·
1200 1535 1214 1584 2

103 1612 203 1672 culum
217 1608 387 1691 repellebat,
408 1610 487 1688 quod
503 1628 539 1670 ex
553 1609 627 1671 locis
641 1609 855 1689 superioribus,
881 1610 933 1687 qui
948 1619 1177 1683 antecesserant,

103 1715 173 1757 suos
188 1696 381 1757 ascendentes
395 1693 606 1773 protegebant;
633 1712 701 1754 cum
715 1693 796 1753 vallis
811 1701 862 1754 aut
876 1694 959 1755 locus
973 1694 1092 1755 declivis
1107 1694 1178 1755 sub-

104 1790 167 1842 erat
182 1798 279 1859 neque
294 1781 323 1853 ii,
338 1780 390 1858 qui
402 1787 631 1852 antecesserant,
646 1774 833 1839 morantibus
844 1797 932 1859 opem
942 1780 1020 1839 ferre
1031 1787 1178 1858 poterant,

105 1866 218 1944 equites
232 1882 302 1925 vero
318 1883 354 1924 ex
368 1863 434 1923 loco
449 1863 602 1942 superiore
623 1864 655 1923 in
670 1881 788 1940 auersos
808 1863 866 1923 tela
889 1863 1090 1937 coniciebant,
1115 1871 1180 1923 tum

104 1967 214 2026 magno
230 1948 336 2008 eratin
353 1947 488 2028 periculo
509 1966 566 2009 res.
594 1947 847 2026 Relinquebatur,
874 1955 920 2021 ut,
947 1967 1016 2009 cum
1038 1948 1181 2010 eiusmodi
1202 1957 1218 2006 4

105 2034 179 2094 locis
194 2042 271 2093 esset
285 2033 570 2113 appropinquatum,
595 2033 745 2112 legionum
766 2033 850 2112 signa
865 2034 1028 2094 consistere
1042 2033 1180 2094 iuberent

106 2136 273 2197 magnoque
284 2118 396 2196 impetu
409 2118 572 2195 equitatum
584 2117 773 2198 repellerent,
789 2137 824 2179 eo
836 2127 983 2179 summoto
996 2126 1120 2198 repente
1132 2119 1178 2179 in-

106 2284 617 2406 ttdtttlttlndttlaltstat
668 2283 1180 2420 ..ttttff'ttltttdtdtxld:

105 2421 152 2472 aul
169 2423 201 2473 22
214 2420 285 2488 Tage
303 2421 502 2487 mltgenommen
520 2423 617 2474 hatten.
668 2421 787 2485 nehmen,
799 2422 926 2487 zulassen,
938 2421 1177 2488 moglichmachen:

105 2489 140 2541 Es
152 2489 460 2542 scheintdaherdieZahl
471 2488 618 2541 Xllllnicht
670 2492 694 2554 3,
712 2491 754 2554 51,
773 2493 796 2541 5.

106 2558 200 2622 ricbtig
212 2574 243 2610 zn
256 2559 319 2609 sein.
329 2587 362 2596 —
370 2557 531 2618 famcltotes:
544 2555 620 2608 Geld-
704 2561 727 2609 5.
736 2556 1099 2622 excastrtsprofictsccntcr.
1108 2555 1182 2607 Nach

107 2625 206 2689 mittel,
232 2641 278 2679 uni
301 2624 368 2675 beim
392 2624 547 2677 Ausmarsch
572 2640 619 2676 aus
669 2640 695 2674 v.
706 2623 814 2676 Gdlera.
825 2622 882 2676 a.0.
893 2640 917 2690 p.
926 2626 958 2676 58
967 2638 1050 2688 zogen
1059 2622 1099 2674 die
1109 2622 1182 2675 Afra-

107 2691 188 2743 llerda
201 2691 246 2742 das
258 2691 376 2744 Getreide
394 2691 489 2744 kaufen
507 2709 538 2744 zn
555 2691 620 2743 lou·
671 2691 759 2742 nianer
779 2691 806 2742 in
824 2689 968 2742 nordliclrer
985 2688 1113 2757 Richtung
1129 2707 1181 2743 ron

108 2774 172 2824 nen,
190 2774 211 2810 c.
232 2761 272 2822 52,
290 2761 314 2809 2.
331 2787 365 2796 -
383 2774 497 2825 corporo
514 2762 620 2810 insueta
672 2758 805 2810 Grannona
829 2757 861 2815 ab
884 2756 942 2809 dem
961 2756 1040 2822 Segre
1063 2773 1103 2810 zu.
1138 2757 1182 2810 sie

109 2827 322 2892 qdooeroport.
340 2824 382 2876 Sic
395 2825 483 2878 hatten
496 2826 621 2878 nichtdie
672 2825 891 2891 bcabsicbtigten,
920 2824 969 2876 den
999 2824 1087 2876 diesen
1112 2824 1183 2877 Fluls

108 2892 204 2959 Ubung
221 2891 271 2944 den
282 2891 382 2944 lllarsch
400 2893 447 2945 mit
464 2908 493 2945 so
508 2894 561 2945 viel
574 2893 622 2946 Ge·
673 2894 777 2959 entlang
789 2893 930 2945 ziehenden
941 2893 1082 2959 lldlrenzug
1095 2909 1127 2944 zu
1146 2908 1184 2944 er-

109 2960 177 3027 paclx
189 2976 221 3013 zu
233 2960 349 3024 macheu,
361 2962 412 3013 wie
424 2961 465 3012 die
477 2962 622 3014 romischen
672 2962 775 3014 reichen
794 2961 846 3012 und
864 2961 910 3012 aul
920 2960 1018 3013 diesem
1029 2976 1081 3011 von
1094 2961 1184 3012 Gdsars

109 3028 232 3081 Soldaten
246 3044 279 3080 zu
296 3033 386 3094 tragon
399 3029 469 3096 liabig
480 3031 623 3082 waren'-
673 3028 784 3082 Reiterei
795 3030 908 3094 weniger
920 3028 1041 3095 belistigt
1050 3029 1115 3080 nach
1124 3027 1185 3080 ller-

108 3101 216 3148 e'nsueto
234 3097 289 3162 ad,
307 3096 358 3148 wie
374 3101 397 3163 3,
411 3100 480 3164 85,2
497 3099 623 3149 insolitus
674 3097 705 3149 da
724 3113 754 3149 zu
773 3096 946 3148 entlxommen.

109 3166 147 3217 ad
170 3167 304 3228 laborent,-
327 3169 400 3217 sonst
421 3165 529 3218 braucht
547 3166 623 3219 Cisar
708 3163 751 3218 tt.
771 3168 794 3218 1.
826 3165 972 3231 pluresque
996 3179 1031 3216 sc.
1057 3164 1184 3217 cohortes.

109 3236 231 3284 insuetus
248 3233 295 3283 mit
312 3231 370 3284 dem
389 3232 498 3287 Genitiv.
674 3231 758 3284 Wenn
776 3233 858 3284 sicin
876 3233 983 3285 ebonem
998 3231 1101 3284 terrain
1119 3248 1184 3284 mar·

145 3304 169 3353 3.
188 3301 360 3366 explicitius:
377 3302 536 3367 expeditius,
553 3299 623 3362 foci·
675 3300 810 3365 schierten,
822 3299 1184 3353 wodieleindlichelleitcrei

112 3368 172 3418 lius.
207 3368 242 3419 So
267 3368 333 3420 auch
356 3369 466 3421 nachher
483 3371 624 3421 consilium
674 3368 745 3420 mehr
754 3367 865 3421 schaden
875 3367 981 3434 konnte,
990 3369 1109 3421 machten
1117 3369 1184 3421 noch

112 3436 248 3502 ecplz'care
271 3461 306 3481 =
322 3438 464 3502 eoepeatre:
491 3437 624 3502 entialten,
674 3437 761 3489 mehr
778 3435 918 3502 Kohorten,
937 3437 975 3488 als
993 3443 1065 3489 sonst
1083 3437 1108 3489 in
1127 3437 1185 3488 dem

114 3505 259 3567 entwirren,
272 3503 313 3554 die
327 3502 557 3571 Scbwierigkeiten
569 3510 624 3557 eut·
674 3504 803 3556 Nachtrab
822 3521 854 3557 zu
878 3505 933 3556 sein
951 3504 1079 3571 pilegten,
1103 3519 1184 3571 gegen

113 3571 215 3623 lernen:
228 3571 275 3622 ‘sie
288 3570 395 3623 wurden
407 3571 474 3624 dann
487 3572 624 3624 schonRat
676 3572 725 3624 den
747 3572 932 3640 versolgenden
949 3572 1029 3624 Feind
1045 3572 1119 3636 llalt,
1143 3587 1186 3623 um

114 3639 155 3691 ssu
164 3639 205 3691 die
214 3638 327 3690 Zukunlt
339 3636 441 3704 finden’,
453 3640 575 3691 wahrend
587 3641 625 3692 sie
676 3640 721 3692 das
733 3639 951 3693 vorausziehende
961 3639 1025 3692 Gros
1037 3638 1082 3691 des
1091 3639 1186 3692 lleeres

111 3709 179 3772 jetzt
202 3706 256 3759 sich
278 3706 345 3759 noch
364 3707 434 3758 nicht
456 3707 512 3759 klar
530 3722 625 3772 waren,
676 3724 707 3760 zu
725 3707 824 3761 decken
848 3709 900 3760 und
918 3708 959 3759 die
976 3707 1087 3760 Reiterei
1103 3707 1188 3759 *abzo-

115 3791 170 3827 was
187 3791 218 3826 zu
237 3775 301 3826 tlmn
319 3775 364 3826 sei.
392 3772 426 3826 So
440 3778 464 3838 3,
477 3779 518 3839 75,
531 3777 559 3827 2:
578 3775 625 3826 His
676 3775 772 3827 balten.

116 3846 194 3894 rebus
206 3843 349 3909 eapttcitis.
372 3840 402 3893 B.
415 3841 444 3894 G.
459 3844 483 3905 8,
496 3846 520 3906 4,
534 3845 562 3894 3:
580 3859 627 3894 ecc·
711 3847 735 3896 4.
741 3845 851 3894 incitati
859 3819 940 3892 aaaron
949 3859 1004 3891 sese
1013 3843 1188 3908 demitterent,

113 3911 256 3976 plicaadae
272 3914 314 3962 rei
326 3910 524 3972 smcmentartoe
536 3926 626 3961 carcaa.
677 3911 728 3962 wie
740 3926 762 3962 c.
772 3914 813 3976 10,
825 3913 854 3963 4:
867 3925 966 3974 magno
979 3925 1059 3960 coarcat
1072 3913 1189 3962 concito·
