2626 4416
162 273 203 337 86
554 275 597 329 ΒΕ
613 275 716 331 BELLO
735 275 827 330 cutm
991 351 1020 387 φ

162 449 242 512 enim
253 449 309 510 iter
320 467 337 509 a
347 448 500 529 proposito
516 449 672 524 diversum,
689 449 925 528 contrariamque
937 449 968 508 iu
980 455 1094 528 partem
1106 449 1145 509 iri>
1156 448 1237 509 vide-

124 535 255 595 abatur.
298 534 396 595 Duces
417 552 487 594 vero
516 552 619 594 eorum
641 533 798 595 consilium
825 552 913 595 suum
933 533 1070 595 laudibus
1092 533 1237 610 ferebant,

161 619 241 699 quod
257 638 288 680 se
303 618 407 680 castris
421 619 603 694 tenuissent3
627 618 812 697 multumque
835 636 939 679 eorum
961 618 1133 699 opinionem
1154 619 1238 679 adiu-

160 704 254 779 vabat,
270 705 350 783 quod
361 704 425 765 sine
437 704 576 764 iumentis
591 703 867 783 impedimentisque
879 704 915 764 ad
926 703 983 764 iter
996 704 1146 783 profectos
1157 703 1238 765 vide-

123 800 138 849 3
160 789 245 862 ban't,
268 797 301 849 ut
316 808 377 848 non
393 807 481 868 posse
504 789 635 868 inopiam
649 787 759 848 diutius
775 787 921 849 sustinere
943 788 1137 849 confiderent.
1168 788 1236 863 Sed,

161 873 211 934 ubi
226 874 366 954 paulatim
382 873 549 952 retorqueri
564 891 668 952 agmen
685 872 720 933 ad
736 873 869 933 dextram
884 881 1104 952 conspexerunt
1120 874 1238 952 iamque

159 959 272 1038 primos
287 975 428 1038 superare
443 957 596 1037 regionem
608 964 774 1018 castrorum
789 957 920 1019 animum
935 959 1132 1032 adverterunt,
1149 976 1237 1018 nemo

161 1051 222 1103 erat
234 1042 306 1104 adeo
318 1041 419 1103 tardus
431 1050 480 1102 aut
493 1041 610 1122 fugiens
620 1041 740 1116 laboris,
755 1043 828 1121 quin
840 1043 937 1103 statim
951 1042 1054 1103 castris
1069 1043 1238 1103 exeundum

122 1138 137 1187 4
158 1134 246 1206 atque
262 1127 480 1188 occurrendum
494 1134 620 1206 putaret.
651 1126 859 1188 Conclamatur
873 1128 909 1188 ad
924 1145 1013 1202 arma,
1029 1134 1117 1206 atque
1133 1146 1237 1189 omnes

160 1211 261 1291 copiae
272 1211 375 1292 paucis
386 1211 532 1291 praesidio
548 1211 658 1272 relictis
670 1212 842 1273 cohortibus
857 1220 967 1273 exeunt
981 1220 1124 1291 rectoque
1136 1213 1172 1274 ad
1184 1213 1236 1274 Hi-

159 1295 266 1357 berum
281 1295 387 1356 itinere
402 1295 597 1357 contendunt.

246 1376 302 1445 70.
326 1380 397 1441 Erat
411 1380 443 1441 in
459 1381 607 1442 celeritate
624 1399 711 1442 omne
732 1380 860 1460 positum
885 1390 1051 1455 certamen,
1075 1381 1134 1442 utri
1152 1383 1235 1462 prius

160 1466 311 1545 augustias
325 1474 502 1545 montesque
517 1473 712 1546 occuparentz
731 1466 781 1526 sed
797 1465 960 1526 exercitum
976 1465 1108 1527 Caesaris
1123 1467 1236 1527 viarum

160 1550 346 1612 difficultates
357 1551 521 1626 tardabant,
536 1551 648 1612 Afranii
660 1551 760 1630 copias
771 1550 919 1629 equitatus
931 1550 1062 1612 Caesaris
1073 1550 1237 1631 insequens

124 1635 338 1698 onerabatur.
369 1637 428 1697 Res
456 1644 553 1697 tamen
578 1635 613 1696 ab
629 1635 798 1696 Afranianis
826 1635 885 1696 huc
908 1643 971 1696 erat
994 1636 1162 1697 necessario
1186 1635 1236 1697 de-

159 1722 256 1796 ducta,
272 1729 313 1796 ut,
330 1722 354 1782 si
367 1722 484 1801 priores
498 1729 624 1794 montes,
640 1738 715 1799 quos
729 1720 879 1799 petebant,
896 1721 1069 1799 attigissent,
1085 1720 1142 1800 ipsi
1157 1720 1237 1800 peri-

160 1807 258 1867 culum
274 1807 414 1880 vitarent,
435 1805 645 1885 impedimenta
659 1803 750 1865 totius
765 1805 911 1866 exercitus
926 1805 1124 1884 cohortesque
1140 1805 1172 1866 in
1189 1824 1236 1866 ca-

160 1891 228 1952 stris
250 1891 366 1952 relictas
393 1909 509 1952 servare
532 1909 594 1952 non
616 1897 753 1970 possent3
785 1888 893 1968 quibus
915 1889 1083 1951 interclusis
1106 1891 1238 1952 exercitu

123 1985 137 2034 a
160 1976 291 2037 Caesaris
307 1974 446 2036 auxilium
461 1975 533 2036 ferri
548 1975 629 2036 nulla
644 1974 759 2036 ratione
774 1981 899 2054 poterat.
931 1974 1064 2035 Confccit
1084 1975 1168 2055 prior
1182 1975 1238 2036 iter

160 2114 200 2160 ter
217 2107 346 2174 Ricbtung
363 2106 609 2159 abzumarschiereu.
639 2106 672 2157 Er
725 2107 796 2158 Caes.
815 2109 921 2158 ciarum
938 2105 1162 2172 diffic.,1¹ffranii
1179 2123 1237 2173 cop.

159 2175 322 2228 marscbierte
349 2174 564 2227 wahrscbeinlich
593 2175 673 2226 durch
724 2177 859 2241 equitatur
870 2175 942 2227 Gaea.
955 2173 1238 2240 chiastischeStellung

160 2241 201 2294 die
219 2247 293 2310 porta
308 2241 396 2295 dextra
415 2241 460 2294 des
472 2241 566 2309 Lageus
584 2243 610 2293 in
628 2241 673 2294 der
724 2256 769 2294 zur
787 2241 895 2309 Hebung
912 2242 957 2294 der
975 2241 1141 2310 Gegensaitze.

160 2309 289 2376 Ricbtung
317 2310 383 2361 nach
408 2309 488 2361 ilerda
516 2309 565 2361 den
591 2309 673 2376 Hdgel
759 2313 783 2362 2.
797 2314 900 2360 teman.-
917 2309 1135 2363 wareuauchauf
1145 2309 1237 2361 beiden

160 2377 245 2441 hinab,
261 2377 358 2430 honnte
371 2376 432 2429 aber
443 2385 523 2429 auten
535 2376 674 2444 angekom-
725 2376 814 2429 Seiten
833 2376 1077 2444 Schwierigkeiten,
1100 2393 1129 2431 so
1150 2392 1237 2430 waren

161 2460 227 2509 men,
239 2461 291 2498 von
300 2446 358 2497 dem
367 2444 450 2511 Hdgel
462 2445 543 2497 selbst
555 2444 672 2512 gedeckt,
724 2444 792 2497 doch
809 2444 850 2497 die
868 2444 1017 2498 Afranianos
1037 2445 1063 2496 in
1081 2444 1238 2498 odenbaretn

161 2513 259 2565 sodann
276 2511 430 2565 unbemerkt
447 2513 542 2565 datlich
568 2513 673 2564 zieben’.
724 2512 856 2577 Nachteil‚
878 2513 960 2566 selbst
977 2528 1054 2565 wenn
1073 2514 1109 2565 sie
1128 2513 1189 2566 eher
1206 2528 1238 2566 zu

195 2583 218 2632 2.
236 2580 273 2632 ad
289 2583 343 2632 iter
356 2579 509 2648 profectos:
527 2580 588 2633 hein
600 2580 674 2634 Pleo-
725 2580 775 2632 den
791 2580 881 2633 Heben
898 2581 1044 2648 gelangten.
1062 2610 1096 2619 -
1113 2584 1166 2649 ipsi
1181 2598 1239 2648 per.

160 2664 276 2702 nasmus:
303 2664 364 2702 vom
385 2649 466 2716 Lagei
492 2649 674 2716 aufgebro·
724 2651 858 2714 vitarent,
881 2649 936 2701 dafs
954 2651 1004 2712 sie,
1022 2665 1100 2701 wenn
1117 2649 1155 2702 sie
1174 2650 1239 2701 auch

162 2717 244 2768 chen
261 2732 319 2769 zum
336 2716 460 2769 Marsche.
723 2716 805 2769 selbst
823 2715 867 2769 der
886 2716 980 2769 Cefahr
998 2717 1150 2784 entgingen,
1173 2717 1238 2770 doch

196 2787 353 2851 &nepai-are
362 2788 500 2850 regionem
509 2789 673 2835 castrorum:
724 2801 748 2838 ιι.
761 2800 781 2836 s.
792 2800 824 2836 u.
856 2784 890 2838 So
903 2784 968 2837 wird
980 2783 1068 2852 hiufig
1084 2784 1126 2837 ein
1138 2784 1239 2837 Neben·

160 2853 224 2905 dber
241 2852 289 2904 den
302 2851 396 2916 Punkt,
415 2868 458 2906 wo
476 2852 514 2904 sie
532 2868 546 2902 a
563 2854 674 2918 regiona
725 2851 842 2973 gedanke
854 2852 912 2905 dem
924 2852 1146 2920 Hauptgedanken
1163 2852 1239 2906 keor-

161 2925 311 2973 caatrcrum
333 2923 365 2986 (c.
384 2923 425 2984 15,
445 2922 470 2985 ti)
492 2934 592 2983 waren,
618 2919 674 2971 hin·
742 2921 830 2982 iniert;
848 2937 870 2972 a.
888 2920 918 2973 B.
937 2921 987 2974 Cic.
1006 2920 1038 2973 ad
1056 2921 1116 2973 fam.
1137 2925 1159 2984 1,
1173 2925 1196 2984 7,
1209 2923 1237 2974 8:

161 2987 335 3042 auskommen.
380 2987 423 3040 Sie
448 2987 538 3040 hatten
561 2986 606 3039 das
627 2986 674 3039 La·
726 3005 802 3055 quem
820 2993 909 3040 tarnem
926 2989 970 3040 illa·
987 3005 1041 3040 esso
1061 2992 1091 3040 in
1106 2990 1239 3055 principi-

162 3071 206 3123 ger
222 3056 318 3108 bereits
337 3070 490 3122 umgaugeu.
508 3085 542 3093 -
554 3057 674 3106 animum
725 3059 773 3108 dua
789 3056 872 3119 facila
888 3062 952 3108 aunt
966 3060 1053 3124 paesi,
1077 3057 1184 3108 evolare
1200 3056 1239 3107 ol-

162 3123 338 3175 adverterunt
359 3149 394 3168 =
417 3124 675 3174 animaduerterunt.
726 3128 779 3175 tius
803 3128 874 3176 certe
896 3125 1044 3177 deludent
1066 3128 1130 3178 statt
1148 3139 1239 3190 quam-

160 3190 262 3242 Ebenso
276 3206 297 3242 c.
311 3193 351 3253 80,
364 3194 379 3242 3
393 3206 418 3244 u.
430 3194 459 3252 4;
473 3190 502 3242 Β.
512 3190 541 3243 G.
558 3195 578 3254 l,
591 3193 633 3254 21,
646 3192 673 3251 1;
726 3207 806 3258 garam
833 3208 888 3244 ease
911 3196 940 3244 io
963 3196 1135 3260 principibus
1157 3191 1239 3254 facile

162 3261 187 3323 b,
202 3259 241 3322 18,
254 3260 281 3318 2;
301 3260 325 3321 8,
341 3260 378 3320 14,
391 3261 415 3310 4.
433 3287 467 3295 -
479 3257 587 3322 fugiens
603 3259 675 3309 labo-
725 3263 885 3326 ruotperti.

162 3328 209 3377 ria.
240 3324 294 3376 Nur
305 3324 389 3380 dieses
401 3323 521 3391 Particip.
534 3325 675 3391 gebraucht
760 3330 784 3379 3.
803 3326 925 3389 Confeca't
936 3357 970 3365 -—
982 3331 1110 3381 instruit:
1128 3344 1150 3381 c,
1164 3332 1204 3393 65,
1217 3332 1240 3382 1.

163 3393 240 3444 Cisar
256 3390 427 3457 adJehtiviseh
443 3392 489 3443 mit
501 3392 558 3444 dem
571 3391 674 3444 Genitiv
726 3394 804 3445 Cisar
830 3395 905 3448 stand
929 3396 998 3462 jetzt
1024 3397 1154 3450 zwischen
1181 3397 1240 3450 dem

162 3458 215 3512 und
233 3475 280 3511 nur
297 3460 360 3511 hier.
725 3461 838 3530 Engpafs
861 3463 914 3515 und
936 3463 994 3516 dem
1017 3465 1120 3518 Feinde.
1163 3464 1240 3518 Scine

196 3525 240 3582 to.
261 3530 282 3580 1.
301 3527 371 3578 Erat
391 3530 421 3578 tn
444 3528 594 3578 arduitate:
629 3525 675 3578 Die
728 3529 946 3584 Schiachtordnun
984 3547 1038 3585 war
1057 3533 1139 3585 lierda
1164 3548 1242 3600 zuge-

162 3593 354 3662 Entscheidung
382 3595 444 3661 hing
473 3594 598 3647 nunmehr
624 3610 676 3647 von
727 3597 816 3664 hehrt,
838 3547 966 3652 wabrensi
984 3600 1054 3654 aeine
1077 3601 1164 3654 Reiter
1188 3617 1241 3654 von

163 3663 208 3716 der
226 3662 412 3783 Schnelligkeit
430 3664 476 3727 ab,
497 3663 521 3714 d.
539 3663 564 3715 h.
583 3663 675 3728 daron,
727 3665 772 3718 der
784 3665 855 3719 Seite
871 3683 924 3720 von
936 3667 1016 3720 Ilerda
1035 3669 1080 3721 ber
1097 3669 1147 3721 den
1160 3669 1240 3722 Feiud

163 3747 217 3784 wer
234 3734 320 3784 zuerat
355 3732 378 3784 ie
399 3731 426 3783 in
444 3730 560 3798 geringer
578 3730 677 3783 Entfer·
727 3734 892 3802 bedrdngten·
928 3734 962 3789 So
983 3735 1053 3789 blieb
1071 3737 1168 3790 diesem
1192 3754 1241 3791 nur

163 3799 676 3933 aadbttttbhdtttddha
727 3802 1241 3936 111111111111111111,

163 3933 221 3986 dem
247 3906 314 3988 Chre
344 3935 438 3988 fdhrte.
466 3965 500 3974 -
528 3937 677 3988 saccutum
727 3936 817 3991 Hdhen
836 3937 962 4005 Octogesa
979 3955 1011 3992 zu
1029 3941 1175 4007 gewinnen.
1207 3941 1241 3992 11ι
