<?xml version="1.0" encoding="UTF-8"?>
<!DOCTYPE html PUBLIC "-//W3C//DTD XHTML 1.0 Transitional//EN"
    "http://www.w3.org/TR/xhtml1/DTD/xhtml1-transitional.dtd">
<html xmlns="http://www.w3.org/1999/xhtml" xml:lang="en" lang="en">
 <head>
  <title>
</title>
<meta http-equiv="Content-Type" content="text/html;charset=utf-8" />
  <meta name='ocr-system' content='tesseract 3.04.00' />
  <meta name='ocr-capabilities' content='ocr_page ocr_carea ocr_par ocr_line ocrx_word'/>
</head>
<body>
  <div class='ocr_page' id='page_1' title='image "./ciuliicaesarisc01caesgoog/ciuliicaesarisc01caesgoog_0147.png"; bbox 0 0 2626 4416; ppageno 0'>
   <div class='ocr_carea' id='block_1_1' title="bbox 175 187 841 292">
    <p class='ocr_par' dir='ltr' id='par_1_1' title="bbox 175 187 841 292">
     <span class='ocr_line' id='line_1_1' title="bbox 175 187 841 292; baseline -0.014 -2"><span class='ocrx_word' id='word_1_1' title='bbox 175 232 235 292; x_wconf 77' lang='lat' dir='ltr'>tto</span> <span class='ocrx_word' id='word_1_2' title='bbox 294 187 299 193; x_wconf 33' lang='lat'>²</span> <span class='ocrx_word' id='word_1_3' title='bbox 570 231 612 283; x_wconf 87' lang='lat' dir='ltr'>nn</span> <span class='ocrx_word' id='word_1_4' title='bbox 629 230 731 284; x_wconf 81' lang='lat' dir='ltr'>nenio</span> <span class='ocrx_word' id='word_1_5' title='bbox 748 224 841 283; x_wconf 78' lang='lat' dir='ltr'>cinni</span> 
     </span>
    </p>
   </div>
   <div class='ocr_carea' id='block_1_2' title="bbox 63 400 1252 2260">
    <p class='ocr_par' dir='ltr' id='par_1_2' title="bbox 134 400 1252 1906">
     <span class='ocr_line' id='line_1_2' title="bbox 173 400 1251 486; baseline -0.006 -18"><span class='ocrx_word' id='word_1_6' title='bbox 173 406 368 486; x_wconf 87' lang='lat' dir='ltr'>pugnandum</span> <span class='ocrx_word' id='word_1_7' title='bbox 388 404 540 482; x_wconf 88' lang='lat' dir='ltr'>virtusque</span> <span class='ocrx_word' id='word_1_8' title='bbox 562 403 678 478; x_wconf 89' lang='lat' dir='ltr'>deerat;</span> <span class='ocrx_word' id='word_1_9' title='bbox 700 401 752 463; x_wconf 91' lang='lat' dir='ltr'>sed</span> <span class='ocrx_word' id='word_1_10' title='bbox 766 401 797 462; x_wconf 93' lang='lat' dir='ltr'>hi</span> <span class='ocrx_word' id='word_1_11' title='bbox 812 409 898 462; x_wconf 89' lang='lat' dir='ltr'>erant</span> <span class='ocrx_word' id='word_1_12' title='bbox 920 419 1046 462; x_wconf 87' lang='lat' dir='ltr'>numero</span> <span class='ocrx_word' id='word_1_13' title='bbox 1068 419 1117 474; x_wconf 88' lang='lat' dir='ltr'>cc,</span> <span class='ocrx_word' id='word_1_14' title='bbox 1140 400 1251 480; x_wconf 80' lang='lat' dir='ltr'>reliqui</span> 
     </span>
     <span class='ocr_line' id='line_1_3' title="bbox 134 485 1251 565; baseline -0.004 -15"><span class='ocrx_word' id='word_1_15' title='bbox 134 502 151 550; x_wconf 83' lang='lat'>4</span> <span class='ocrx_word' id='word_1_16' title='bbox 171 492 202 552; x_wconf 94' lang='lat' dir='ltr'>in</span> <span class='ocrx_word' id='word_1_17' title='bbox 218 491 325 552; x_wconf 90' lang='lat' dir='ltr'>itinere</span> <span class='ocrx_word' id='word_1_18' title='bbox 339 488 542 551; x_wconf 77' lang='lat' dir='ltr'><strong>substiterant.</strong></span> <span class='ocrx_word' id='word_1_19' title='bbox 573 488 619 562; x_wconf 90' lang='lat' dir='ltr'>lli,</span> <span class='ocrx_word' id='word_1_20' title='bbox 635 499 853 565; x_wconf 82' lang='lat' dir='ltr'>quamcumque</span> <span class='ocrx_word' id='word_1_21' title='bbox 869 486 900 546; x_wconf 93' lang='lat' dir='ltr'>in</span> <span class='ocrx_word' id='word_1_22' title='bbox 915 494 1031 565; x_wconf 88' lang='lat' dir='ltr'>partem</span> <span class='ocrx_word' id='word_1_23' title='bbox 1045 485 1191 565; x_wconf 88' lang='lat' dir='ltr'>impetum</span> <span class='ocrx_word' id='word_1_24' title='bbox 1206 487 1251 547; x_wconf 85' lang='lat' dir='ltr'>fe·</span> 
     </span>
     <span class='ocr_line' id='line_1_4' title="bbox 174 571 1252 651; baseline -0.004 -15"><span class='ocrx_word' id='word_1_25' title='bbox 174 584 286 648; x_wconf 85' lang='lat' dir='ltr'>corant,</span> <span class='ocrx_word' id='word_1_26' title='bbox 301 576 402 635; x_wconf 91' lang='lat' dir='ltr'>hostes</span> <span class='ocrx_word' id='word_1_27' title='bbox 413 574 479 634; x_wconf 89' lang='lat' dir='ltr'>loco</span> <span class='ocrx_word' id='word_1_28' title='bbox 494 572 600 633; x_wconf 82' lang='lat' dir='ltr'>cedere</span> <span class='ocrx_word' id='word_1_29' title='bbox 616 571 772 650; x_wconf 82' lang='lat' dir='ltr'>cogebant,</span> <span class='ocrx_word' id='word_1_30' title='bbox 788 571 840 632; x_wconf 91' lang='lat' dir='ltr'>sed</span> <span class='ocrx_word' id='word_1_31' title='bbox 855 589 953 649; x_wconf 93' lang='lat' dir='ltr'>neque</span> <span class='ocrx_word' id='word_1_32' title='bbox 967 571 1086 649; x_wconf 87' lang='lat' dir='ltr'>longius</span> <span class='ocrx_word' id='word_1_33' title='bbox 1099 571 1252 651; x_wconf 78' lang='lat' dir='ltr'>fugientes</span> 
     </span>
     <span class='ocr_line' id='line_1_5' title="bbox 135 655 1252 740; baseline -0.004 -20"><span class='ocrx_word' id='word_1_34' title='bbox 135 672 151 720; x_wconf 76' lang='lat' dir='ltr'>o</span> <span class='ocrx_word' id='word_1_35' title='bbox 172 659 314 740; x_wconf 83' lang='lat' dir='ltr'>prosequi</span> <span class='ocrx_word' id='word_1_36' title='bbox 328 677 385 720; x_wconf 91' lang='lat' dir='ltr'>nec</span> <span class='ocrx_word' id='word_1_37' title='bbox 400 657 603 718; x_wconf 87' lang='lat' dir='ltr'>vehementius</span> <span class='ocrx_word' id='word_1_38' title='bbox 618 675 711 735; x_wconf 91' lang='lat' dir='ltr'>equos</span> <span class='ocrx_word' id='word_1_39' title='bbox 726 656 850 717; x_wconf 89' lang='lat' dir='ltr'>incitare</span> <span class='ocrx_word' id='word_1_40' title='bbox 865 663 1014 735; x_wconf 86' lang='lat' dir='ltr'>poterant.</span> <span class='ocrx_word' id='word_1_41' title='bbox 1044 655 1082 716; x_wconf 85' lang='lat' dir='ltr'>At</span> <span class='ocrx_word' id='word_1_42' title='bbox 1099 656 1252 735; x_wconf 83' lang='lat' dir='ltr'>equitatus</span> 
     </span>
     <span class='ocr_line' id='line_1_6' title="bbox 173 739 1252 822; baseline -0.003 -17"><span class='ocrx_word' id='word_1_43' title='bbox 173 744 303 805; x_wconf 88' lang='lat' dir='ltr'>hostium</span> <span class='ocrx_word' id='word_1_44' title='bbox 324 742 360 804; x_wconf 93' lang='lat' dir='ltr'>ab</span> <span class='ocrx_word' id='word_1_45' title='bbox 382 751 511 822; x_wconf 90' lang='lat' dir='ltr'>utroque</span> <span class='ocrx_word' id='word_1_46' title='bbox 537 759 632 802; x_wconf 84' lang='lat' dir='ltr'>cornu</span> <span class='ocrx_word' id='word_1_47' title='bbox 654 741 781 802; x_wconf 89' lang='lat' dir='ltr'>circuire</span> <span class='ocrx_word' id='word_1_48' title='bbox 803 739 895 801; x_wconf 90' lang='lat' dir='ltr'>aciem</span> <span class='ocrx_word' id='word_1_49' title='bbox 919 748 1051 801; x_wconf 89' lang='lat' dir='ltr'>nostram</span> <span class='ocrx_word' id='word_1_50' title='bbox 1079 749 1109 801; x_wconf 92' lang='lat' dir='ltr'>et</span> <span class='ocrx_word' id='word_1_51' title='bbox 1129 758 1252 802; x_wconf 89' lang='lat' dir='ltr'>aversos</span> 
     </span>
     <span class='ocr_line' id='line_1_7' title="bbox 135 825 1250 908; baseline -0.004 -18"><span class='ocrx_word' id='word_1_52' title='bbox 135 840 151 889; x_wconf 86' lang='grc'><strong>6</strong></span> <span class='ocrx_word' id='word_1_53' title='bbox 171 838 325 908; x_wconf 81' lang='lat' dir='ltr'>proterere</span> <span class='ocrx_word' id='word_1_54' title='bbox 341 828 453 906; x_wconf 81' lang='lat' dir='ltr'><strong>incipit.</strong></span> <span class='ocrx_word' id='word_1_55' title='bbox 485 827 557 888; x_wconf 84' lang='lat' dir='ltr'>Cum</span> <span class='ocrx_word' id='word_1_56' title='bbox 573 826 712 887; x_wconf 92' lang='lat' dir='ltr'>cobortes</span> <span class='ocrx_word' id='word_1_57' title='bbox 727 844 763 885; x_wconf 90' lang='lat' dir='ltr'>ex</span> <span class='ocrx_word' id='word_1_58' title='bbox 779 827 840 886; x_wconf 91' lang='lat' dir='ltr'>acie</span> <span class='ocrx_word' id='word_1_59' title='bbox 855 826 1128 905; x_wconf 79' lang='lat' dir='ltr'>procucurrissent,</span> <span class='ocrx_word' id='word_1_60' title='bbox 1143 825 1250 886; x_wconf 80' lang='lat' dir='ltr'>Numi·</span> 
     </span>
     <span class='ocr_line' id='line_1_8' title="bbox 173 910 1250 992; baseline -0.005 -17"><span class='ocrx_word' id='word_1_61' title='bbox 173 914 227 975; x_wconf 90' lang='lat' dir='ltr'>dae</span> <span class='ocrx_word' id='word_1_62' title='bbox 241 913 350 992; x_wconf 77' lang='lat' dir='ltr'>integri</span> <span class='ocrx_word' id='word_1_63' title='bbox 365 912 514 974; x_wconf 90' lang='lat' dir='ltr'>celeritate</span> <span class='ocrx_word' id='word_1_64' title='bbox 528 912 672 992; x_wconf 87' lang='lat' dir='ltr'>impetum</span> <span class='ocrx_word' id='word_1_65' title='bbox 688 919 859 971; x_wconf 91' lang='lat' dir='ltr'>nostrorum</span> <span class='ocrx_word' id='word_1_66' title='bbox 874 910 1067 990; x_wconf 84' lang='lat' dir='ltr'>effugiebant,</span> <span class='ocrx_word' id='word_1_67' title='bbox 1084 928 1250 989; x_wconf 86' lang='lat' dir='ltr'>rursusque</span> 
     </span>
     <span class='ocr_line' id='line_1_9' title="bbox 174 993 1249 1075; baseline -0.003 -17"><span class='ocrx_word' id='word_1_68' title='bbox 174 998 209 1058; x_wconf 91' lang='lat' dir='ltr'>ad</span> <span class='ocrx_word' id='word_1_69' title='bbox 226 996 344 1059; x_wconf 88' lang='lat' dir='ltr'>ordines</span> <span class='ocrx_word' id='word_1_70' title='bbox 359 1015 430 1058; x_wconf 91' lang='lat' dir='ltr'>suos</span> <span class='ocrx_word' id='word_1_71' title='bbox 444 1015 476 1058; x_wconf 91' lang='lat' dir='ltr'>se</span> <span class='ocrx_word' id='word_1_72' title='bbox 491 997 670 1075; x_wconf 87' lang='lat' dir='ltr'>recipientes</span> <span class='ocrx_word' id='word_1_73' title='bbox 685 995 851 1056; x_wconf 91' lang='lat' dir='ltr'>circuibant</span> <span class='ocrx_word' id='word_1_74' title='bbox 866 1003 896 1055; x_wconf 92' lang='lat' dir='ltr'>et</span> <span class='ocrx_word' id='word_1_75' title='bbox 910 995 947 1056; x_wconf 94' lang='lat' dir='ltr'>ab</span> <span class='ocrx_word' id='word_1_76' title='bbox 964 996 1026 1055; x_wconf 89' lang='lat' dir='ltr'>acie</span> <span class='ocrx_word' id='word_1_77' title='bbox 1041 993 1249 1056; x_wconf 80' lang='lat' dir='ltr'>excludebant.</span> 
     </span>
     <span class='ocr_line' id='line_1_10' title="bbox 173 1080 1250 1161; baseline -0.004 -17"><span class='ocrx_word' id='word_1_78' title='bbox 173 1083 222 1145; x_wconf 89' lang='lat' dir='ltr'>Sic</span> <span class='ocrx_word' id='word_1_79' title='bbox 238 1101 336 1161; x_wconf 90' lang='lat' dir='ltr'>neque</span> <span class='ocrx_word' id='word_1_80' title='bbox 350 1082 380 1142; x_wconf 93' lang='lat' dir='ltr'>in</span> <span class='ocrx_word' id='word_1_81' title='bbox 396 1082 463 1142; x_wconf 90' lang='lat' dir='ltr'>loco</span> <span class='ocrx_word' id='word_1_82' title='bbox 485 1099 607 1141; x_wconf 89' lang='lat' dir='ltr'>manere</span> <span class='ocrx_word' id='word_1_83' title='bbox 629 1080 808 1158; x_wconf 90' lang='lat' dir='ltr'>ordinesque</span> <span class='ocrx_word' id='word_1_84' title='bbox 823 1097 940 1142; x_wconf 83' lang='lat' dir='ltr'>servare</span> <span class='ocrx_word' id='word_1_85' title='bbox 955 1098 1054 1158; x_wconf 90' lang='lat' dir='ltr'>neque</span> <span class='ocrx_word' id='word_1_86' title='bbox 1069 1097 1250 1159; x_wconf 88' lang='lat' dir='ltr'>procurrere</span> 
     </span>
     <span class='ocr_line' id='line_1_11' title="bbox 136 1163 1250 1243; baseline -0.004 -14"><span class='ocrx_word' id='word_1_87' title='bbox 136 1180 150 1229; x_wconf 84' lang='lat' dir='ltr'>t</span> <span class='ocrx_word' id='word_1_88' title='bbox 172 1176 202 1228; x_wconf 90' lang='lat' dir='ltr'>et</span> <span class='ocrx_word' id='word_1_89' title='bbox 215 1186 316 1228; x_wconf 88' lang='lat' dir='ltr'>casum</span> <span class='ocrx_word' id='word_1_90' title='bbox 331 1166 433 1228; x_wconf 90' lang='lat' dir='ltr'>subire</span> <span class='ocrx_word' id='word_1_91' title='bbox 448 1173 546 1226; x_wconf 90' lang='lat' dir='ltr'>tutum</span> <span class='ocrx_word' id='word_1_92' title='bbox 564 1164 727 1226; x_wconf 90' lang='lat' dir='ltr'>videbatur.</span> <span class='ocrx_word' id='word_1_93' title='bbox 756 1165 892 1225; x_wconf 91' lang='lat' dir='ltr'>Hostium</span> <span class='ocrx_word' id='word_1_94' title='bbox 908 1165 1011 1243; x_wconf 90' lang='lat' dir='ltr'>copiae</span> <span class='ocrx_word' id='word_1_95' title='bbox 1033 1165 1197 1226; x_wconf 87' lang='lat' dir='ltr'>summissis</span> <span class='ocrx_word' id='word_1_96' title='bbox 1212 1163 1250 1225; x_wconf 87' lang='lat' dir='ltr'>eb</span> 
     </span>
     <span class='ocr_line' id='line_1_12' title="bbox 173 1248 1249 1330; baseline -0.005 -16"><span class='ocrx_word' id='word_1_97' title='bbox 173 1270 245 1330; x_wconf 89' lang='lat' dir='ltr'>rege</span> <span class='ocrx_word' id='word_1_98' title='bbox 259 1251 373 1312; x_wconf 82' lang='lat' dir='ltr'>auxiliis</span> <span class='ocrx_word' id='word_1_99' title='bbox 388 1249 495 1311; x_wconf 88' lang='lat' dir='ltr'>crebro</span> <span class='ocrx_word' id='word_1_100' title='bbox 518 1249 718 1330; x_wconf 80' lang='lat' dir='ltr'>angebantur3</span> <span class='ocrx_word' id='word_1_101' title='bbox 741 1257 859 1311; x_wconf 90' lang='lat' dir='ltr'>nostros</span> <span class='ocrx_word' id='word_1_102' title='bbox 880 1249 958 1310; x_wconf 87' lang='lat' dir='ltr'>vires</span> <span class='ocrx_word' id='word_1_103' title='bbox 980 1249 1153 1310; x_wconf 87' lang='lat' dir='ltr'>lassitudine</span> <span class='ocrx_word' id='word_1_104' title='bbox 1175 1248 1249 1310; x_wconf 87' lang='lat' dir='ltr'>defi·</span> 
     </span>
     <span class='ocr_line' id='line_1_13' title="bbox 173 1334 1250 1413; baseline -0.003 -16"><span class='ocrx_word' id='word_1_105' title='bbox 173 1337 306 1410; x_wconf 88' lang='lat' dir='ltr'>ciebant,</span> <span class='ocrx_word' id='word_1_106' title='bbox 328 1336 417 1396; x_wconf 90' lang='lat' dir='ltr'>simul</span> <span class='ocrx_word' id='word_1_107' title='bbox 430 1335 465 1411; x_wconf 90' lang='lat' dir='ltr'>ii,</span> <span class='ocrx_word' id='word_1_108' title='bbox 489 1335 539 1413; x_wconf 94' lang='lat' dir='ltr'>qui</span> <span class='ocrx_word' id='word_1_109' title='bbox 554 1335 677 1395; x_wconf 86' lang='lat' dir='ltr'>vulnera</span> <span class='ocrx_word' id='word_1_110' title='bbox 692 1344 883 1413; x_wconf 90' lang='lat' dir='ltr'>acceperant,</span> <span class='ocrx_word' id='word_1_111' title='bbox 908 1353 1005 1413; x_wconf 89' lang='lat' dir='ltr'>neque</span> <span class='ocrx_word' id='word_1_112' title='bbox 1021 1334 1084 1395; x_wconf 92' lang='lat' dir='ltr'>acie</span> <span class='ocrx_word' id='word_1_113' title='bbox 1105 1335 1250 1395; x_wconf 81' lang='lat' dir='ltr'>excedere</span> 
     </span>
     <span class='ocr_line' id='line_1_14' title="bbox 174 1419 1250 1500; baseline -0.002 -19"><span class='ocrx_word' id='word_1_114' title='bbox 174 1439 272 1500; x_wconf 91' lang='lat' dir='ltr'>neque</span> <span class='ocrx_word' id='word_1_115' title='bbox 287 1421 317 1481; x_wconf 93' lang='lat' dir='ltr'>in</span> <span class='ocrx_word' id='word_1_116' title='bbox 333 1421 432 1481; x_wconf 88' lang='lat' dir='ltr'>locum</span> <span class='ocrx_word' id='word_1_117' title='bbox 448 1427 545 1487; x_wconf 89' lang='lat' dir='ltr'>tutum</span> <span class='ocrx_word' id='word_1_118' title='bbox 560 1419 665 1481; x_wconf 83' lang='lat' dir='ltr'>referri</span> <span class='ocrx_word' id='word_1_119' title='bbox 680 1427 835 1498; x_wconf 90' lang='lat' dir='ltr'>poterant,</span> <span class='ocrx_word' id='word_1_120' title='bbox 851 1419 931 1498; x_wconf 94' lang='lat' dir='ltr'>quod</span> <span class='ocrx_word' id='word_1_121' title='bbox 946 1428 1008 1480; x_wconf 90' lang='lat' dir='ltr'>tota</span> <span class='ocrx_word' id='word_1_122' title='bbox 1023 1419 1101 1480; x_wconf 88' lang='lat' dir='ltr'>acies</span> <span class='ocrx_word' id='word_1_123' title='bbox 1116 1419 1250 1498; x_wconf 89' lang='lat' dir='ltr'>equitatu</span> 
     </span>
     <span class='ocr_line' id='line_1_15' title="bbox 136 1504 1252 1583; baseline -0.004 -15"><span class='ocrx_word' id='word_1_124' title='bbox 136 1516 151 1567; x_wconf 86' lang='lat'>8</span> <span class='ocrx_word' id='word_1_125' title='bbox 172 1506 301 1567; x_wconf 87' lang='lat' dir='ltr'>hostium</span> <span class='ocrx_word' id='word_1_126' title='bbox 318 1504 497 1566; x_wconf 89' lang='lat' dir='ltr'>circumdata</span> <span class='ocrx_word' id='word_1_127' title='bbox 511 1504 677 1565; x_wconf 89' lang='lat' dir='ltr'>tenebatur.</span> <span class='ocrx_word' id='word_1_128' title='bbox 707 1504 745 1564; x_wconf 93' lang='lat' dir='ltr'>lli</span> <span class='ocrx_word' id='word_1_129' title='bbox 763 1504 799 1565; x_wconf 91' lang='lat' dir='ltr'>de</span> <span class='ocrx_word' id='word_1_130' title='bbox 817 1523 870 1566; x_wconf 89' lang='lat' dir='ltr'>sua</span> <span class='ocrx_word' id='word_1_131' title='bbox 889 1505 983 1566; x_wconf 84' lang='lat' dir='ltr'>salute</span> <span class='ocrx_word' id='word_1_132' title='bbox 998 1504 1200 1583; x_wconf 86' lang='lat' dir='ltr'>desperantes,</span> <span class='ocrx_word' id='word_1_133' title='bbox 1217 1513 1252 1564; x_wconf 84' lang='lat' dir='ltr'>ut</span> 
     </span>
     <span class='ocr_line' id='line_1_16' title="bbox 174 1589 1249 1669; baseline -0.002 -18"><span class='ocrx_word' id='word_1_134' title='bbox 174 1599 305 1652; x_wconf 89' lang='lat' dir='ltr'>extremo</span> <span class='ocrx_word' id='word_1_135' title='bbox 331 1590 406 1650; x_wconf 91' lang='lat' dir='ltr'>vitae</span> <span class='ocrx_word' id='word_1_136' title='bbox 431 1598 566 1669; x_wconf 87' lang='lat' dir='ltr'>tempore</span> <span class='ocrx_word' id='word_1_137' title='bbox 587 1589 724 1650; x_wconf 85' lang='lat' dir='ltr'>homines</span> <span class='ocrx_word' id='word_1_138' title='bbox 745 1591 844 1650; x_wconf 85' lang='lat' dir='ltr'>lacere</span> <span class='ocrx_word' id='word_1_139' title='bbox 865 1598 1065 1663; x_wconf 86' lang='lat' dir='ltr'>consuerunt,</span> <span class='ocrx_word' id='word_1_140' title='bbox 1090 1598 1142 1649; x_wconf 91' lang='lat' dir='ltr'>aut</span> <span class='ocrx_word' id='word_1_141' title='bbox 1165 1607 1249 1650; x_wconf 89' lang='lat' dir='ltr'>suam</span> 
     </span>
     <span class='ocr_line' id='line_1_17' title="bbox 172 1669 1249 1754; baseline -0.002 -18"><span class='ocrx_word' id='word_1_142' title='bbox 172 1684 298 1736; x_wconf 86' lang='lat' dir='ltr'>mortem</span> <span class='ocrx_word' id='word_1_143' title='bbox 315 1673 532 1735; x_wconf 88' lang='lat' dir='ltr'>miserabantur</span> <span class='ocrx_word' id='word_1_144' title='bbox 546 1682 598 1735; x_wconf 92' lang='lat' dir='ltr'>ant</span> <span class='ocrx_word' id='word_1_145' title='bbox 615 1684 754 1754; x_wconf 85' lang='lat' dir='ltr'>parentes</span> <span class='ocrx_word' id='word_1_146' title='bbox 768 1684 839 1735; x_wconf 77' lang='lat' dir='ltr'>suos</span> <span class='ocrx_word' id='word_1_147' title='bbox 853 1669 1116 1746; x_wconf 73' lang='lat' dir='ltr'>commendabant:</span> <span class='ocrx_word' id='word_1_148' title='bbox 1132 1674 1157 1734; x_wconf 91' lang='lat' dir='ltr'>si</span> <span class='ocrx_word' id='word_1_149' title='bbox 1173 1691 1249 1752; x_wconf 93' lang='lat' dir='ltr'>qnos</span> 
     </span>
     <span class='ocr_line' id='line_1_18' title="bbox 173 1757 1249 1839; baseline -0.003 -18"><span class='ocrx_word' id='word_1_150' title='bbox 173 1779 209 1821; x_wconf 90' lang='lat' dir='ltr'>ex</span> <span class='ocrx_word' id='word_1_151' title='bbox 224 1780 260 1821; x_wconf 90' lang='lat' dir='ltr'>eo</span> <span class='ocrx_word' id='word_1_152' title='bbox 275 1759 409 1839; x_wconf 86' lang='lat' dir='ltr'>periculo</span> <span class='ocrx_word' id='word_1_153' title='bbox 432 1761 552 1820; x_wconf 84' lang='lat' dir='ltr'>fortuna</span> <span class='ocrx_word' id='word_1_154' title='bbox 573 1776 691 1820; x_wconf 83' lang='lat' dir='ltr'>servare</span> <span class='ocrx_word' id='word_1_155' title='bbox 706 1759 860 1838; x_wconf 91' lang='lat' dir='ltr'>potuisset.</span> <span class='ocrx_word' id='word_1_156' title='bbox 890 1759 981 1819; x_wconf 89' lang='lat' dir='ltr'>Plena</span> <span class='ocrx_word' id='word_1_157' title='bbox 996 1768 1082 1818; x_wconf 90' lang='lat' dir='ltr'>erant</span> <span class='ocrx_word' id='word_1_158' title='bbox 1098 1758 1198 1819; x_wconf 88' lang='lat' dir='ltr'>omnia</span> <span class='ocrx_word' id='word_1_159' title='bbox 1212 1757 1249 1818; x_wconf 91' lang='lat' dir='ltr'>ti·</span> 
     </span>
     <span class='ocr_line' id='line_1_19' title="bbox 172 1844 433 1906; baseline -0.004 -1"><span class='ocrx_word' id='word_1_160' title='bbox 172 1846 264 1906; x_wconf 87' lang='lat' dir='ltr'>moris</span> <span class='ocrx_word' id='word_1_161' title='bbox 278 1853 310 1906; x_wconf 90' lang='lat' dir='ltr'>et</span> <span class='ocrx_word' id='word_1_162' title='bbox 324 1844 433 1905; x_wconf 84' lang='lat' dir='ltr'>luctus.</span> 
     </span>
    </p>

    <p class='ocr_par' dir='ltr' id='par_1_3' title="bbox 63 1925 1251 2260">
     <span class='ocr_line' id='line_1_20' title="bbox 257 1925 1250 2006; baseline -0.008 -12"><span class='ocrx_word' id='word_1_163' title='bbox 257 1925 318 1994; x_wconf 73' lang='lat'>42.</span> <span class='ocrx_word' id='word_1_164' title='bbox 347 1928 453 2003; x_wconf 81' lang='lat' dir='ltr'>Curio,</span> <span class='ocrx_word' id='word_1_165' title='bbox 483 1927 535 1987; x_wconf 93' lang='lat' dir='ltr'>ubi</span> <span class='ocrx_word' id='word_1_166' title='bbox 556 1927 724 2006; x_wconf 85' lang='lat' dir='ltr'>perterritis</span> <span class='ocrx_word' id='word_1_167' title='bbox 746 1925 887 1988; x_wconf 86' lang='lat' dir='ltr'>omnibns</span> <span class='ocrx_word' id='word_1_168' title='bbox 910 1945 1006 2005; x_wconf 90' lang='lat' dir='ltr'>neque</span> <span class='ocrx_word' id='word_1_169' title='bbox 1030 1926 1250 1987; x_wconf 87' lang='lat' dir='ltr'>cohortationes</span> 
     </span>
     <span class='ocr_line' id='line_1_21' title="bbox 63 2011 1249 2093; baseline -0.003 -17"><span class='ocrx_word' id='word_1_170' title='bbox 63 2029 69 2050; x_wconf 67' lang='lat'>⁸</span> <span class='ocrx_word' id='word_1_171' title='bbox 173 2033 242 2076; x_wconf 88' lang='lat' dir='ltr'>suas</span> <span class='ocrx_word' id='word_1_172' title='bbox 256 2032 355 2092; x_wconf 91' lang='lat' dir='ltr'>neque</span> <span class='ocrx_word' id='word_1_173' title='bbox 368 2031 474 2093; x_wconf 88' lang='lat' dir='ltr'>preces</span> <span class='ocrx_word' id='word_1_174' title='bbox 492 2012 586 2073; x_wconf 89' lang='lat' dir='ltr'>audiri</span> <span class='ocrx_word' id='word_1_175' title='bbox 609 2011 767 2090; x_wconf 80' lang='lat' dir='ltr'>intellegit,</span> <span class='ocrx_word' id='word_1_176' title='bbox 790 2020 894 2085; x_wconf 75' lang='lat' dir='ltr'>unm,</span> <span class='ocrx_word' id='word_1_177' title='bbox 917 2020 951 2072; x_wconf 91' lang='lat' dir='ltr'>nt</span> <span class='ocrx_word' id='word_1_178' title='bbox 966 2011 997 2071; x_wconf 95' lang='lat' dir='ltr'>in</span> <span class='ocrx_word' id='word_1_179' title='bbox 1012 2011 1127 2072; x_wconf 91' lang='lat' dir='ltr'>miseris</span> <span class='ocrx_word' id='word_1_180' title='bbox 1149 2011 1249 2086; x_wconf 91' lang='lat' dir='ltr'>rebus,</span> 
     </span>
     <span class='ocr_line' id='line_1_22' title="bbox 173 2095 1249 2178; baseline -0.003 -19"><span class='ocrx_word' id='word_1_181' title='bbox 173 2117 256 2178; x_wconf 81' lang='lat' dir='ltr'>spent</span> <span class='ocrx_word' id='word_1_182' title='bbox 279 2098 424 2176; x_wconf 86' lang='lat' dir='ltr'>reliquam</span> <span class='ocrx_word' id='word_1_183' title='bbox 446 2097 547 2158; x_wconf 89' lang='lat' dir='ltr'>salutis</span> <span class='ocrx_word' id='word_1_184' title='bbox 569 2115 634 2157; x_wconf 89' lang='lat' dir='ltr'>esse</span> <span class='ocrx_word' id='word_1_185' title='bbox 657 2095 831 2169; x_wconf 87' lang='lat' dir='ltr'>arbitratus,</span> <span class='ocrx_word' id='word_1_186' title='bbox 857 2096 1009 2174; x_wconf 88' lang='lat' dir='ltr'>proximos</span> <span class='ocrx_word' id='word_1_187' title='bbox 1029 2096 1121 2157; x_wconf 90' lang='lat' dir='ltr'>colles</span> <span class='ocrx_word' id='word_1_188' title='bbox 1142 2113 1249 2174; x_wconf 75' lang='lat' dir='ltr'>capere</span> 
     </span>
     <span class='ocr_line' id='line_1_23' title="bbox 173 2179 1251 2260; baseline -0.002 -18"><span class='ocrx_word' id='word_1_189' title='bbox 173 2183 326 2243; x_wconf 87' lang='lat' dir='ltr'>universos</span> <span class='ocrx_word' id='word_1_190' title='bbox 340 2189 429 2260; x_wconf 89' lang='lat' dir='ltr'>atque</span> <span class='ocrx_word' id='word_1_191' title='bbox 444 2200 478 2242; x_wconf 94' lang='lat' dir='ltr'>eo</span> <span class='ocrx_word' id='word_1_192' title='bbox 495 2181 580 2259; x_wconf 88' lang='lat' dir='ltr'>signa</span> <span class='ocrx_word' id='word_1_193' title='bbox 597 2180 701 2240; x_wconf 83' lang='lat' dir='ltr'>inferri</span> <span class='ocrx_word' id='word_1_194' title='bbox 716 2179 808 2242; x_wconf 88' lang='lat' dir='ltr'>iubet.</span> <span class='ocrx_word' id='word_1_195' title='bbox 838 2180 900 2242; x_wconf 90' lang='lat' dir='ltr'>Hos</span> <span class='ocrx_word' id='word_1_196' title='bbox 913 2199 1034 2259; x_wconf 92' lang='lat' dir='ltr'>qnoque</span> <span class='ocrx_word' id='word_1_197' title='bbox 1049 2187 1251 2259; x_wconf 90' lang='lat' dir='ltr'>praeoccupat</span> 
     </span>
    </p>
   </div>
   <div class='ocr_carea' id='block_1_3' title="bbox 157 2327 1250 3955">
    <p class='ocr_par' dir='ltr' id='par_1_4' title="bbox 157 2327 1250 3955">
     <span class='ocr_line' id='line_1_24' title="bbox 174 2327 1250 2396; baseline -0.001 -14"><span class='ocrx_word' id='word_1_198' title='bbox 174 2329 236 2382; x_wconf 86' lang='lat' dir='ltr'>dern</span> <span class='ocrx_word' id='word_1_199' title='bbox 262 2344 383 2396; x_wconf 80' lang='lat' dir='ltr'>geuesen</span> <span class='ocrx_word' id='word_1_200' title='bbox 410 2330 488 2382; x_wconf 78' lang='lat' dir='ltr'>wiire.</span> <span class='ocrx_word' id='word_1_201' title='bbox 513 2357 548 2366; x_wconf 86' lang='lat'>—-</span> <span class='ocrx_word' id='word_1_202' title='bbox 574 2345 686 2380; x_wconf 71' lang='lat' dir='ltr'>numm</span> <span class='ocrx_word' id='word_1_203' title='bbox 736 2332 762 2380; x_wconf 78' lang='lat' dir='ltr'>ei</span> <span class='ocrx_word' id='word_1_204' title='bbox 778 2345 853 2394; x_wconf 74' lang='lat' dir='ltr'>quos,</span> <span class='ocrx_word' id='word_1_205' title='bbox 871 2329 942 2381; x_wconf 88' lang='lat' dir='ltr'>nicht</span> <span class='ocrx_word' id='word_1_206' title='bbox 960 2333 998 2379; x_wconf 76' lang='lat' dir='ltr'>eis</span> <span class='ocrx_word' id='word_1_207' title='bbox 1015 2345 1088 2394; x_wconf 80' lang='lat' dir='ltr'>quos.</span> <span class='ocrx_word' id='word_1_208' title='bbox 1124 2327 1171 2380; x_wconf 88' lang='lat' dir='ltr'>Die</span> <span class='ocrx_word' id='word_1_209' title='bbox 1188 2327 1250 2381; x_wconf 82' lang='lat' dir='ltr'>llat-</span> 
     </span>
     <span class='ocr_line' id='line_1_25' title="bbox 157 2395 1250 2463; baseline -0.002 -14"><span class='ocrx_word' id='word_1_210' title='bbox 157 2397 229 2459; x_wconf 25' lang='lat'>100.-</span> <span class='ocrx_word' id='word_1_211' title='bbox 248 2413 304 2449; x_wconf 89' lang='lat' dir='ltr'>nur</span> <span class='ocrx_word' id='word_1_212' title='bbox 321 2399 371 2449; x_wconf 73' lang='lat'>200</span> <span class='ocrx_word' id='word_1_213' title='bbox 389 2395 422 2448; x_wconf 87' lang='grc' dir='ltr'>Μ.</span> <span class='ocrx_word' id='word_1_214' title='bbox 447 2396 530 2462; x_wconf 87' lang='lat' dir='ltr'>stark,</span> <span class='ocrx_word' id='word_1_215' title='bbox 555 2397 605 2449; x_wconf 81' lang='lat' dir='ltr'>wie</span> <span class='ocrx_word' id='word_1_216' title='bbox 623 2399 685 2448; x_wconf 86' lang='lat' dir='ltr'>‘nur’</span> <span class='ocrx_word' id='word_1_217' title='bbox 737 2401 802 2463; x_wconf 87' lang='lat' dir='ltr'>tung</span> <span class='ocrx_word' id='word_1_218' title='bbox 818 2397 884 2448; x_wconf 79' lang='lat' dir='ltr'>wind</span> <span class='ocrx_word' id='word_1_219' title='bbox 896 2397 955 2448; x_wconf 88' lang='lat' dir='ltr'>selu</span> <span class='ocrx_word' id='word_1_220' title='bbox 967 2397 1103 2462; x_wconf 85' lang='lat' dir='ltr'>schwierig</span> <span class='ocrx_word' id='word_1_221' title='bbox 1119 2397 1187 2457; x_wconf 68' lang='grc' dir='ltr'>θείης</span> <span class='ocrx_word' id='word_1_222' title='bbox 1204 2395 1250 2447; x_wconf 84' lang='lat' dir='ltr'>da-</span> 
     </span>
     <span class='ocr_line' id='line_1_26' title="bbox 174 2463 1250 2530; baseline -0.003 -13"><span class='ocrx_word' id='word_1_223' title='bbox 174 2465 216 2517; x_wconf 84' lang='lat' dir='ltr'>bei</span> <span class='ocrx_word' id='word_1_224' title='bbox 225 2464 413 2530; x_wconf 77' lang='lat' dir='ltr'>Zahlbegriffen</span> <span class='ocrx_word' id='word_1_225' title='bbox 424 2465 477 2516; x_wconf 95' lang='lat' dir='ltr'>und</span> <span class='ocrx_word' id='word_1_226' title='bbox 490 2463 685 2517; x_wconf 86' lang='lat' dir='ltr'>Pronominibus</span> <span class='ocrx_word' id='word_1_227' title='bbox 737 2464 782 2515; x_wconf 81' lang='lat' dir='ltr'>lter</span> <span class='ocrx_word' id='word_1_228' title='bbox 793 2481 903 2516; x_wconf 76' lang='lat' dir='ltr'>rervm</span> <span class='ocrx_word' id='word_1_229' title='bbox 910 2467 1052 2530; x_wconf 72' lang='lat' dir='ltr'>potuisset,</span> <span class='ocrx_word' id='word_1_230' title='bbox 1064 2464 1135 2517; x_wconf 87' lang='lat' dir='ltr'>nicht</span> <span class='ocrx_word' id='word_1_231' title='bbox 1145 2479 1250 2514; x_wconf 74' lang='lat' dir='ltr'>suune·</span> 
     </span>
     <span class='ocr_line' id='line_1_27' title="bbox 174 2529 1250 2599; baseline -0.002 -15"><span class='ocrx_word' id='word_1_232' title='bbox 174 2535 234 2597; x_wconf 81' lang='lat' dir='ltr'>(boe</span> <span class='ocrx_word' id='word_1_233' title='bbox 252 2534 327 2584; x_wconf 80' lang='lat' dir='ltr'>dico:</span> <span class='ocrx_word' id='word_1_234' title='bbox 347 2549 403 2584; x_wconf 89' lang='lat' dir='ltr'>nur</span> <span class='ocrx_word' id='word_1_235' title='bbox 427 2548 456 2584; x_wconf 91' lang='lat' dir='ltr'>so</span> <span class='ocrx_word' id='word_1_236' title='bbox 479 2529 531 2584; x_wconf 85' lang='lat' dir='ltr'>viel</span> <span class='ocrx_word' id='word_1_237' title='bbox 555 2547 617 2598; x_wconf 86' lang='lat' dir='ltr'>sage</span> <span class='ocrx_word' id='word_1_238' title='bbox 633 2533 686 2593; x_wconf 90' lang='lat' dir='ltr'>ich)</span> <span class='ocrx_word' id='word_1_239' title='bbox 736 2536 783 2586; x_wconf 77' lang='lat' dir='ltr'>net.</span> <span class='ocrx_word' id='word_1_240' title='bbox 811 2533 861 2585; x_wconf 84' lang='lat' dir='ltr'>Der</span> <span class='ocrx_word' id='word_1_241' title='bbox 877 2532 986 2599; x_wconf 79' lang='lat' dir='ltr'>Austrag</span> <span class='ocrx_word' id='word_1_242' title='bbox 1006 2531 1104 2584; x_wconf 86' lang='lat' dir='ltr'>konute</span> <span class='ocrx_word' id='word_1_243' title='bbox 1121 2535 1175 2584; x_wconf 86' lang='lat' dir='ltr'>erst</span> <span class='ocrx_word' id='word_1_244' title='bbox 1191 2546 1250 2584; x_wconf 88' lang='lat' dir='ltr'>aus·</span> 
     </span>
     <span class='ocr_line' id='line_1_28' title="bbox 174 2599 1250 2667; baseline -0.003 -14"><span class='ocrx_word' id='word_1_245' title='bbox 174 2600 339 2667; x_wconf 83' lang='lat' dir='ltr'>gewohnlicb</span> <span class='ocrx_word' id='word_1_246' title='bbox 356 2601 535 2667; x_wconf 85' lang='lat' dir='ltr'>weggelassen</span> <span class='ocrx_word' id='word_1_247' title='bbox 553 2600 626 2652; x_wconf 81' lang='lat' dir='ltr'>wind.</span> <span class='ocrx_word' id='word_1_248' title='bbox 656 2599 685 2653; x_wconf 92' lang='lat' dir='ltr'>B.</span> <span class='ocrx_word' id='word_1_249' title='bbox 737 2599 840 2664; x_wconf 77' lang='lat' dir='ltr'>gesnhrt</span> <span class='ocrx_word' id='word_1_250' title='bbox 855 2601 967 2665; x_wconf 85' lang='lat' dir='ltr'>werden,</span> <span class='ocrx_word' id='word_1_251' title='bbox 986 2615 1062 2652; x_wconf 83' lang='lat' dir='ltr'>weun</span> <span class='ocrx_word' id='word_1_252' title='bbox 1080 2600 1122 2652; x_wconf 87' lang='lat' dir='ltr'>die</span> <span class='ocrx_word' id='word_1_253' title='bbox 1135 2599 1250 2666; x_wconf 71' lang='lat' dir='ltr'>Rettung</span> 
     </span>
     <span class='ocr_line' id='line_1_29' title="bbox 174 2667 1248 2734; baseline -0.004 -12"><span class='ocrx_word' id='word_1_254' title='bbox 174 2669 687 2734; x_wconf 67' lang='lat' dir='ltr'>G.7‚eo,1:enedtetntomiesomur</span> <span class='ocrx_word' id='word_1_255' title='bbox 736 2668 882 2721; x_wconf 82' lang='lat' dir='ltr'>vollbracht</span> <span class='ocrx_word' id='word_1_256' title='bbox 909 2685 976 2730; x_wconf 66' lang='lat' dir='ltr'>wan</span> <span class='ocrx_word' id='word_1_257' title='bbox 1006 2667 1084 2720; x_wconf 84' lang='lat' dir='ltr'>dubet</span> <span class='ocrx_word' id='word_1_258' title='bbox 1106 2671 1248 2734; x_wconf 73' lang='lat' dir='ltr'>potuisset,</span> 
     </span>
     <span class='ocr_line' id='line_1_30' title="bbox 174 2736 1249 2803; baseline -0.004 -14"><span class='ocrx_word' id='word_1_259' title='bbox 174 2738 224 2789; x_wconf 82' lang='lat' dir='ltr'>ein</span> <span class='ocrx_word' id='word_1_260' title='bbox 237 2736 300 2801; x_wconf 85' lang='lat' dir='ltr'>Tag.</span> <span class='ocrx_word' id='word_1_261' title='bbox 320 2739 344 2799; x_wconf 88' lang='lat'>3,</span> <span class='ocrx_word' id='word_1_262' title='bbox 362 2740 401 2800; x_wconf 82' lang='lat'>17,</span> <span class='ocrx_word' id='word_1_263' title='bbox 415 2742 443 2788; x_wconf 76' lang='lat' dir='ltr'>t:</span> <span class='ocrx_word' id='word_1_264' title='bbox 462 2739 559 2788; x_wconf 68' lang='lat' dir='ltr'>castate</span> <span class='ocrx_word' id='word_1_265' title='bbox 576 2752 603 2787; x_wconf 78' lang='lat' dir='ltr'>re</span> <span class='ocrx_word' id='word_1_266' title='bbox 615 2740 685 2786; x_wconf 80' lang='lat' dir='ltr'>tene-</span> <span class='ocrx_word' id='word_1_267' title='bbox 736 2737 808 2789; x_wconf 90' lang='lat' dir='ltr'>nicht</span> <span class='ocrx_word' id='word_1_268' title='bbox 817 2741 916 2803; x_wconf 74' lang='lat' dir='ltr'>posset</span> <span class='ocrx_word' id='word_1_269' title='bbox 926 2738 1050 2788; x_wconf 81' lang='lat' dir='ltr'>-Pleoa</span> <span class='ocrx_word' id='word_1_270' title='bbox 1065 2739 1156 2788; x_wconf 83' lang='lat' dir='ltr'>omnia</span> <span class='ocrx_word' id='word_1_271' title='bbox 1169 2739 1249 2786; x_wconf 76' lang='lat' dir='ltr'>mut</span> 
     </span>
     <span class='ocr_line' id='line_1_31' title="bbox 174 2802 1249 2871; baseline 0.001 -16"><span class='ocrx_word' id='word_1_272' title='bbox 174 2807 231 2866; x_wconf 83' lang='lat' dir='ltr'>bat,</span> <span class='ocrx_word' id='word_1_273' title='bbox 256 2819 315 2856; x_wconf 76' lang='lat' dir='ltr'>mem</span> <span class='ocrx_word' id='word_1_274' title='bbox 333 2805 481 2856; x_wconf 66' lang='lat' dir='ltr'>Viridovice</span> <span class='ocrx_word' id='word_1_275' title='bbox 505 2808 599 2856; x_wconf 82' lang='lat' dir='ltr'>contra</span> <span class='ocrx_word' id='word_1_276' title='bbox 626 2820 685 2854; x_wconf 76' lang='lat' dir='ltr'>mm</span> <span class='ocrx_word' id='word_1_277' title='bbox 736 2806 987 2858; x_wconf 73' lang='lat' dir='ltr'>timorisetluctne.</span> <span class='ocrx_word' id='word_1_278' title='bbox 1006 2802 1249 2871; x_wconf 81' lang='lat' dir='ltr'>Derasyndetische</span> 
     </span>
     <span class='ocr_line' id='line_1_32' title="bbox 173 2870 1247 2938; baseline -0.002 -14"><span class='ocrx_word' id='word_1_279' title='bbox 173 2874 257 2925; x_wconf 81' lang='lat' dir='ltr'>doum</span> <span class='ocrx_word' id='word_1_280' title='bbox 277 2873 383 2924; x_wconf 80' lang='lat' dir='ltr'>milium</span> <span class='ocrx_word' id='word_1_281' title='bbox 403 2875 492 2938; x_wconf 74' lang='lat' dir='ltr'>spatio</span> <span class='ocrx_word' id='word_1_282' title='bbox 518 2873 686 2924; x_wconf 75' lang='lat' dir='ltr'>comedisset.</span> <span class='ocrx_word' id='word_1_283' title='bbox 737 2871 896 2926; x_wconf 81' lang='lat' dir='ltr'>Schluissatz</span> <span class='ocrx_word' id='word_1_284' title='bbox 908 2870 1247 2925; x_wconf 82' lang='lat' dir='ltr'>iaistsumrnariscbdasllr-</span> 
     </span>
     <span class='ocr_line' id='line_1_33' title="bbox 207 2938 1249 3006; baseline -0.002 -14"><span class='ocrx_word' id='word_1_285' title='bbox 207 2945 231 2993; x_wconf 78' lang='lat'>4.</span> <span class='ocrx_word' id='word_1_286' title='bbox 250 2955 443 3006; x_wconf 81' lang='lat' dir='ltr'>quamcumque</span> <span class='ocrx_word' id='word_1_287' title='bbox 459 2943 489 2990; x_wconf 84' lang='lat' dir='ltr'>in</span> <span class='ocrx_word' id='word_1_288' title='bbox 502 2942 685 3005; x_wconf 79' lang='lat' dir='ltr'>partemtmp.</span> <span class='ocrx_word' id='word_1_289' title='bbox 736 2941 827 3006; x_wconf 83' lang='lat' dir='ltr'>gebnis</span> <span class='ocrx_word' id='word_1_290' title='bbox 849 2941 895 2992; x_wconf 86' lang='lat' dir='ltr'>der</span> <span class='ocrx_word' id='word_1_291' title='bbox 916 2939 1143 3006; x_wconf 84' lang='lat' dir='ltr'>verbergebeuden</span> <span class='ocrx_word' id='word_1_292' title='bbox 1166 2938 1249 2991; x_wconf 89' lang='lat' dir='ltr'>Scbil-</span> 
     </span>
     <span class='ocr_line' id='line_1_34' title="bbox 172 3005 1246 3075; baseline 0.001 -18"><span class='ocrx_word' id='word_1_293' title='bbox 172 3006 325 3068; x_wconf 74' lang='lat' dir='ltr'>fecerant</span> <span class='ocrx_word' id='word_1_294' title='bbox 334 3037 365 3046; x_wconf 92' lang='lat'>-</span> <span class='ocrx_word' id='word_1_295' title='bbox 375 3011 519 3073; x_wconf 78' lang='lat' dir='ltr'>cogebant.-</span> <span class='ocrx_word' id='word_1_296' title='bbox 532 3023 552 3060; x_wconf 90' lang='lat' dir='ltr'>c.</span> <span class='ocrx_word' id='word_1_297' title='bbox 564 3012 588 3071; x_wconf 89' lang='grc'>6,</span> <span class='ocrx_word' id='word_1_298' title='bbox 601 3010 624 3060; x_wconf 80' lang='grc'>2.</span> <span class='ocrx_word' id='word_1_299' title='bbox 637 3007 686 3059; x_wconf 78' lang='lat' dir='ltr'>lla-</span> <span class='ocrx_word' id='word_1_300' title='bbox 737 3009 835 3075; x_wconf 86' lang='lat' dir='ltr'>derung</span> <span class='ocrx_word' id='word_1_301' title='bbox 844 3022 999 3061; x_wconf 71' lang='lat' dir='ltr'>zusammen.</span> <span class='ocrx_word' id='word_1_302' title='bbox 1017 3006 1044 3061; x_wconf 88' lang='lat' dir='ltr'>S.</span> <span class='ocrx_word' id='word_1_303' title='bbox 1054 3007 1084 3060; x_wconf 90' lang='grc' dir='ltr'>Β,</span> <span class='ocrx_word' id='word_1_304' title='bbox 1094 3005 1124 3059; x_wconf 88' lang='lat' dir='ltr'>G.</span> <span class='ocrx_word' id='word_1_305' title='bbox 1136 3011 1160 3072; x_wconf 82' lang='grc'>6,</span> <span class='ocrx_word' id='word_1_306' title='bbox 1169 3009 1211 3070; x_wconf 82' lang='grc'>34,</span> <span class='ocrx_word' id='word_1_307' title='bbox 1221 3009 1246 3059; x_wconf 89' lang='grc'>9.</span> 
     </span>
     <span class='ocr_line' id='line_1_35' title="bbox 173 3074 1089 3142; baseline 0.001 -16"><span class='ocrx_word' id='word_1_308' title='bbox 173 3089 256 3141; x_wconf 81' lang='lat' dir='ltr'>gegen</span> <span class='ocrx_word' id='word_1_309' title='bbox 275 3074 292 3141; x_wconf 60' lang='grc' dir='ltr'><strong>ξ</strong></span> <span class='ocrx_word' id='word_1_310' title='bbox 310 3078 327 3127; x_wconf 87' lang='grc'><strong>6</strong></span> <span class='ocrx_word' id='word_1_311' title='bbox 345 3091 405 3126; x_wconf 82' lang='lat' dir='ltr'>cum</span> <span class='ocrx_word' id='word_1_312' title='bbox 422 3078 544 3127; x_wconf 74' lang='lat' dir='ltr'>cobortes</span> <span class='ocrx_word' id='word_1_313' title='bbox 562 3090 686 3142; x_wconf 75' lang='lat' dir='ltr'>procu·</span> <span class='ocrx_word' id='word_1_314' title='bbox 737 3075 899 3142; x_wconf 69' lang='lat' dir='ltr'>Nigelsbach</span> <span class='ocrx_word' id='word_1_315' title='bbox 917 3075 975 3130; x_wconf 87' lang='lat' dir='ltr'>Stil.</span> <span class='ocrx_word' id='word_1_316' title='bbox 992 3091 1017 3142; x_wconf 89' lang='lat' dir='ltr'>p.</span> <span class='ocrx_word' id='word_1_317' title='bbox 1030 3079 1089 3128; x_wconf 74' lang='lat'>583.</span> 
     </span>
     <span class='ocr_line' id='line_1_36' title="bbox 174 3142 1237 3209; baseline 0.002 -17"><span class='ocrx_word' id='word_1_318' title='bbox 174 3145 363 3193; x_wconf 68' lang='lat' dir='ltr'>euenissent</span> <span class='ocrx_word' id='word_1_319' title='bbox 386 3171 421 3181; x_wconf 93' lang='lat'>—-</span> <span class='ocrx_word' id='word_1_320' title='bbox 447 3144 615 3209; x_wconf 73' lang='lat' dir='ltr'>effugiebant</span> <span class='ocrx_word' id='word_1_321' title='bbox 641 3143 686 3195; x_wconf 88' lang='lat' dir='ltr'>der</span> <span class='ocrx_word' id='word_1_322' title='bbox 743 3145 747 3149; x_wconf 78' lang='grc'><strong>’</strong></span> <span class='ocrx_word' id='word_1_323' title='bbox 769 3142 816 3199; x_wconf 70' lang='lat'>42.</span> <span class='ocrx_word' id='word_1_324' title='bbox 836 3146 858 3197; x_wconf 90' lang='lat'>1.</span> <span class='ocrx_word' id='word_1_325' title='bbox 876 3148 908 3194; x_wconf 80' lang='lat' dir='ltr'>ut</span> <span class='ocrx_word' id='word_1_326' title='bbox 925 3147 955 3194; x_wconf 84' lang='lat' dir='ltr'>in</span> <span class='ocrx_word' id='word_1_327' title='bbox 971 3146 1078 3194; x_wconf 73' lang='lat' dir='ltr'>miserie</span> <span class='ocrx_word' id='word_1_328' title='bbox 1094 3145 1189 3194; x_wconf 75' lang='lat' dir='ltr'>rebus:</span> <span class='ocrx_word' id='word_1_329' title='bbox 1206 3157 1237 3194; x_wconf 91' lang='lat' dir='ltr'>so</span> 
     </span>
     <span class='ocr_line' id='line_1_37' title="bbox 174 3200 1248 3277; baseline 0.003 -18"><span class='ocrx_word' id='word_1_330' title='bbox 174 3210 216 3260; x_wconf 86' lang='lat' dir='ltr'>bei</span> <span class='ocrx_word' id='word_1_331' title='bbox 234 3208 310 3260; x_wconf 72' lang='lat' dir='ltr'>Gisar</span> <span class='ocrx_word' id='word_1_332' title='bbox 327 3210 453 3262; x_wconf 83' lang='lat' dir='ltr'>seltenere</span> <span class='ocrx_word' id='word_1_333' title='bbox 465 3209 624 3275; x_wconf 83' lang='lat' dir='ltr'>Konjunktiv</span> <span class='ocrx_word' id='word_1_334' title='bbox 642 3211 685 3263; x_wconf 87' lang='lat' dir='ltr'>bei</span> <span class='ocrx_word' id='word_1_335' title='bbox 736 3211 797 3263; x_wconf 83' lang='lat' dir='ltr'>weit</span> <span class='ocrx_word' id='word_1_336' title='bbox 814 3211 856 3262; x_wconf 83' lang='lat' dir='ltr'>bei</span> <span class='ocrx_word' id='word_1_337' title='bbox 869 3211 914 3262; x_wconf 87' lang='lat' dir='ltr'>der</span> <span class='ocrx_word' id='word_1_338' title='bbox 925 3200 1190 3277; x_wconf 75' lang='lat' dir='ltr'>lloilnungslosiglieil</span> <span class='ocrx_word' id='word_1_339' title='bbox 1201 3209 1248 3262; x_wconf 83' lang='lat' dir='ltr'>der</span> 
     </span>
     <span class='ocr_line' id='line_1_38' title="bbox 173 3275 1248 3344; baseline 0.001 -17"><span class='ocrx_word' id='word_1_340' title='bbox 173 3275 357 3342; x_wconf 80' lang='lat' dir='ltr'>Zeitpartilieln</span> <span class='ocrx_word' id='word_1_341' title='bbox 386 3293 444 3329; x_wconf 85' lang='lat' dir='ltr'>zum</span> <span class='ocrx_word' id='word_1_342' title='bbox 473 3278 608 3330; x_wconf 80' lang='lat' dir='ltr'>Ausdruck</span> <span class='ocrx_word' id='word_1_343' title='bbox 641 3278 686 3330; x_wconf 84' lang='lat' dir='ltr'>der</span> <span class='ocrx_word' id='word_1_344' title='bbox 735 3277 803 3344; x_wconf 72' lang='lat' dir='ltr'>lnge</span> <span class='ocrx_word' id='word_1_345' title='bbox 825 3279 891 3330; x_wconf 90' lang='lat' dir='ltr'>noch</span> <span class='ocrx_word' id='word_1_346' title='bbox 914 3294 965 3330; x_wconf 87' lang='lat' dir='ltr'>von</span> <span class='ocrx_word' id='word_1_347' title='bbox 983 3279 1104 3331; x_wconf 80' lang='lat' dir='ltr'>Anesicht</span> <span class='ocrx_word' id='word_1_348' title='bbox 1126 3278 1171 3331; x_wconf 81' lang='lat' dir='ltr'>nul</span> <span class='ocrx_word' id='word_1_349' title='bbox 1186 3277 1248 3329; x_wconf 86' lang='lat' dir='ltr'>Ret-</span> 
     </span>
     <span class='ocr_line' id='line_1_39' title="bbox 174 3343 1247 3411; baseline 0.003 -18"><span class='ocrx_word' id='word_1_350' title='bbox 174 3343 427 3410; x_wconf 85' lang='lat' dir='ltr'>Wiederholung.-</span> <span class='ocrx_word' id='word_1_351' title='bbox 437 3349 580 3411; x_wconf 80' lang='lat' dir='ltr'>prosequi:</span> <span class='ocrx_word' id='word_1_352' title='bbox 593 3360 615 3398; x_wconf 89' lang='lat' dir='ltr'>c.</span> <span class='ocrx_word' id='word_1_353' title='bbox 625 3348 649 3409; x_wconf 86' lang='lat'>8,</span> <span class='ocrx_word' id='word_1_354' title='bbox 660 3349 683 3397; x_wconf 75' lang='lat'>2.</span> <span class='ocrx_word' id='word_1_355' title='bbox 734 3345 934 3411; x_wconf 80' lang='lat' dir='ltr'>tungdicRcde</span> <span class='ocrx_word' id='word_1_356' title='bbox 951 3346 1124 3399; x_wconf 83' lang='lat' dir='ltr'>seinkonnte.</span> <span class='ocrx_word' id='word_1_357' title='bbox 1150 3344 1247 3411; x_wconf 83' lang='lat' dir='ltr'>Esgab</span> 
     </span>
     <span class='ocr_line' id='line_1_40' title="bbox 208 3411 1247 3477; baseline -0.001 -13"><span class='ocrx_word' id='word_1_358' title='bbox 208 3415 231 3464; x_wconf 86' lang='grc'>6.</span> <span class='ocrx_word' id='word_1_359' title='bbox 250 3411 410 3476; x_wconf 74' lang='lat' dir='ltr'>ordinesque</span> <span class='ocrx_word' id='word_1_360' title='bbox 424 3428 546 3463; x_wconf 75' lang='lat' dir='ltr'>emere:</span> <span class='ocrx_word' id='word_1_361' title='bbox 567 3417 587 3476; x_wconf 91' lang='lat' dir='ltr'>t,</span> <span class='ocrx_word' id='word_1_362' title='bbox 600 3416 641 3475; x_wconf 82' lang='grc'>44,</span> <span class='ocrx_word' id='word_1_363' title='bbox 657 3417 683 3472; x_wconf 89' lang='lat' dir='ltr'>l;</span> <span class='ocrx_word' id='word_1_364' title='bbox 734 3427 783 3465; x_wconf 89' lang='lat' dir='ltr'>nur</span> <span class='ocrx_word' id='word_1_365' title='bbox 794 3415 861 3466; x_wconf 87' lang='lat' dir='ltr'>noch</span> <span class='ocrx_word' id='word_1_366' title='bbox 873 3414 929 3466; x_wconf 85' lang='lat' dir='ltr'>eine</span> <span class='ocrx_word' id='word_1_367' title='bbox 942 3429 1010 3466; x_wconf 82' lang='lat' dir='ltr'>zuar</span> <span class='ocrx_word' id='word_1_368' title='bbox 1023 3414 1166 3477; x_wconf 78' lang='lat' dir='ltr'>schwache,</span> <span class='ocrx_word' id='word_1_369' title='bbox 1185 3413 1247 3465; x_wconf 84' lang='lat' dir='ltr'>aber</span> 
     </span>
     <span class='ocr_line' id='line_1_41' title="bbox 175 3479 1247 3542; baseline 0.002 -12"><span class='ocrx_word' id='word_1_370' title='bbox 175 3482 215 3542; x_wconf 83' lang='lat' dir='ltr'>tt,</span> <span class='ocrx_word' id='word_1_371' title='bbox 229 3480 252 3530; x_wconf 80' lang='lat'>3.</span> <span class='ocrx_word' id='word_1_372' title='bbox 265 3506 299 3515; x_wconf 92' lang='lat'>-</span> <span class='ocrx_word' id='word_1_373' title='bbox 312 3494 404 3530; x_wconf 70' lang='lat' dir='ltr'>canum</span> <span class='ocrx_word' id='word_1_374' title='bbox 415 3482 518 3530; x_wconf 75' lang='lat' dir='ltr'>moire:</span> <span class='ocrx_word' id='word_1_375' title='bbox 534 3480 579 3533; x_wconf 86' lang='lat' dir='ltr'>der</span> <span class='ocrx_word' id='word_1_376' title='bbox 591 3479 685 3533; x_wconf 86' lang='lat' dir='ltr'>Geialu</span> <span class='ocrx_word' id='word_1_377' title='bbox 735 3485 810 3533; x_wconf 87' lang='lat' dir='ltr'>unter</span> <span class='ocrx_word' id='word_1_378' title='bbox 818 3481 907 3534; x_wconf 87' lang='lat' dir='ltr'>diesen</span> <span class='ocrx_word' id='word_1_379' title='bbox 915 3481 1072 3535; x_wconf 73' lang='lat' dir='ltr'>Umstindeu</span> <span class='ocrx_word' id='word_1_380' title='bbox 1081 3483 1171 3535; x_wconf 80' lang='lat' dir='ltr'>immet</span> <span class='ocrx_word' id='word_1_381' title='bbox 1179 3482 1247 3533; x_wconf 88' lang='lat' dir='ltr'>noch</span> 
     </span>
     <span class='ocr_line' id='line_1_42' title="bbox 174 3545 1246 3616; baseline 0.002 -18"><span class='ocrx_word' id='word_1_382' title='bbox 174 3547 219 3599; x_wconf 91' lang='lat' dir='ltr'>des</span> <span class='ocrx_word' id='word_1_383' title='bbox 229 3545 350 3613; x_wconf 83' lang='lat' dir='ltr'>llumples</span> <span class='ocrx_word' id='word_1_384' title='bbox 359 3547 413 3598; x_wconf 88' lang='lat' dir='ltr'>sich</span> <span class='ocrx_word' id='word_1_385' title='bbox 423 3550 565 3601; x_wconf 85' lang='lat' dir='ltr'>aussetzen.</span> <span class='ocrx_word' id='word_1_386' title='bbox 576 3551 685 3613; x_wconf 79' lang='lat' dir='ltr'>3,tt‚1:</span> <span class='ocrx_word' id='word_1_387' title='bbox 736 3549 907 3602; x_wconf 83' lang='lat' dir='ltr'>unnehnibare</span> <span class='ocrx_word' id='word_1_388' title='bbox 924 3549 1046 3603; x_wconf 81' lang='lat' dir='ltr'>Anssicht</span> <span class='ocrx_word' id='word_1_389' title='bbox 1062 3550 1109 3603; x_wconf 83' lang='lat' dir='ltr'>aui</span> <span class='ocrx_word' id='word_1_390' title='bbox 1123 3549 1246 3616; x_wconf 80' lang='lat' dir='ltr'>Rettung.</span> 
     </span>
     <span class='ocr_line' id='line_1_43' title="bbox 174 3615 1249 3683; baseline 0.001 -16"><span class='ocrx_word' id='word_1_391' title='bbox 174 3619 205 3667; x_wconf 81' lang='lat' dir='ltr'>ut</span> <span class='ocrx_word' id='word_1_392' title='bbox 220 3616 337 3666; x_wconf 73' lang='lat' dir='ltr'>cubitum</span> <span class='ocrx_word' id='word_1_393' title='bbox 355 3631 447 3666; x_wconf 75' lang='lat' dir='ltr'>cacum</span> <span class='ocrx_word' id='word_1_394' title='bbox 463 3617 589 3683; x_wconf 71' lang='lat' dir='ltr'>«repedita</span> <span class='ocrx_word' id='word_1_395' title='bbox 609 3632 686 3668; x_wconf 71' lang='lat' dir='ltr'>ocer-</span> <span class='ocrx_word' id='word_1_396' title='bbox 736 3615 794 3683; x_wconf 87' lang='lat' dir='ltr'>Vgl.</span> <span class='ocrx_word' id='word_1_397' title='bbox 808 3615 838 3669; x_wconf 94' lang='lat' dir='ltr'>B.</span> <span class='ocrx_word' id='word_1_398' title='bbox 848 3616 876 3671; x_wconf 88' lang='lat' dir='ltr'>G.</span> <span class='ocrx_word' id='word_1_399' title='bbox 890 3622 914 3683; x_wconf 86' lang='grc'>6,</span> <span class='ocrx_word' id='word_1_400' title='bbox 927 3622 968 3682; x_wconf 80' lang='lat' dir='ltr'>et,</span> <span class='ocrx_word' id='word_1_401' title='bbox 982 3623 1009 3671; x_wconf 78' lang='lat' dir='ltr'>l:</span> <span class='ocrx_word' id='word_1_402' title='bbox 1027 3623 1059 3669; x_wconf 79' lang='lat' dir='ltr'>ut</span> <span class='ocrx_word' id='word_1_403' title='bbox 1068 3621 1099 3668; x_wconf 76' lang='lat' dir='ltr'>in</span> <span class='ocrx_word' id='word_1_404' title='bbox 1114 3617 1249 3669; x_wconf 68' lang='lat' dir='ltr'>eiusmodi</span> 
     </span>
     <span class='ocr_line' id='line_1_44' title="bbox 174 3683 1246 3753; baseline 0.003 -19"><span class='ocrx_word' id='word_1_405' title='bbox 174 3686 231 3735; x_wconf 77' lang='lat' dir='ltr'>citu</span> <span class='ocrx_word' id='word_1_406' title='bbox 246 3685 358 3738; x_wconf 69' lang='lat' dir='ltr'>subiret.</span> <span class='ocrx_word' id='word_1_407' title='bbox 735 3683 1159 3753; x_wconf 68' lang='lat' dir='ltr'>difficultatibttepronidebatur5</span> <span class='ocrx_word' id='word_1_408' title='bbox 1170 3689 1194 3748; x_wconf 82' lang='grc'>8,</span> <span class='ocrx_word' id='word_1_409' title='bbox 1205 3688 1246 3748; x_wconf 80' lang='lat' dir='ltr'>tt,</span> 
     </span>
     <span class='ocr_line' id='line_1_45' title="bbox 208 3751 1248 3820; baseline 0 -17"><span class='ocrx_word' id='word_1_410' title='bbox 208 3754 232 3804; x_wconf 81' lang='lat'>8.</span> <span class='ocrx_word' id='word_1_411' title='bbox 251 3752 484 3815; x_wconf 79' lang='lat' dir='ltr'>commendabant,</span> <span class='ocrx_word' id='word_1_412' title='bbox 506 3755 531 3801; x_wconf 78' lang='lat' dir='ltr'>et</span> <span class='ocrx_word' id='word_1_413' title='bbox 548 3767 627 3817; x_wconf 78' lang='lat' dir='ltr'>quos,</span> <span class='ocrx_word' id='word_1_414' title='bbox 644 3751 685 3803; x_wconf 82' lang='lat' dir='ltr'>fur</span> <span class='ocrx_word' id='word_1_415' title='bbox 736 3757 763 3806; x_wconf 81' lang='lat'>4:</span> <span class='ocrx_word' id='word_1_416' title='bbox 782 3769 910 3820; x_wconf 72' lang='lat' dir='ltr'>magnum</span> <span class='ocrx_word' id='word_1_417' title='bbox 921 3759 953 3806; x_wconf 83' lang='lat' dir='ltr'>ut</span> <span class='ocrx_word' id='word_1_418' title='bbox 961 3757 992 3805; x_wconf 80' lang='lat' dir='ltr'>iu</span> <span class='ocrx_word' id='word_1_419' title='bbox 1003 3759 1080 3806; x_wconf 83' lang='lat' dir='ltr'>tanta</span> <span class='ocrx_word' id='word_1_420' title='bbox 1092 3755 1248 3806; x_wconf 65' lang='lat' dir='ltr'>comunitate</span> 
     </span>
     <span class='ocr_line' id='line_1_46' title="bbox 174 3817 1248 3888; baseline 0.005 -18"><span class='ocrx_word' id='word_1_421' title='bbox 174 3819 224 3872; x_wconf 83' lang='lat' dir='ltr'>den</span> <span class='ocrx_word' id='word_1_422' title='bbox 241 3818 310 3884; x_wconf 84' lang='lat' dir='ltr'>Fall,</span> <span class='ocrx_word' id='word_1_423' title='bbox 333 3817 398 3874; x_wconf 78' lang='lat' dir='ltr'>dale.</span> <span class='ocrx_word' id='word_1_424' title='bbox 432 3817 492 3871; x_wconf 83' lang='lat' dir='ltr'>lllnn</span> <span class='ocrx_word' id='word_1_425' title='bbox 509 3818 584 3871; x_wconf 84' lang='lat' dir='ltr'>weiss</span> <span class='ocrx_word' id='word_1_426' title='bbox 604 3819 684 3884; x_wconf 87' lang='lat' dir='ltr'>nicht,</span> <span class='ocrx_word' id='word_1_427' title='bbox 735 3823 907 3874; x_wconf 81' lang='lat' dir='ltr'>commodum.</span> <span class='ocrx_word' id='word_1_428' title='bbox 928 3849 961 3860; x_wconf 79' lang='lat'>-</span> <span class='ocrx_word' id='word_1_429' title='bbox 979 3821 1059 3874; x_wconf 75' lang='lat' dir='ltr'>cotton</span> <span class='ocrx_word' id='word_1_430' title='bbox 1080 3837 1190 3888; x_wconf 71' lang='lat' dir='ltr'>capere.-</span> <span class='ocrx_word' id='word_1_431' title='bbox 1207 3836 1248 3875; x_wconf 83' lang='lat' dir='ltr'>er-</span> 
     </span>
     <span class='ocr_line' id='line_1_47' title="bbox 174 3886 1248 3955; baseline 0.003 -18"><span class='ocrx_word' id='word_1_432' title='bbox 174 3901 229 3939; x_wconf 86' lang='lat' dir='ltr'>wer</span> <span class='ocrx_word' id='word_1_433' title='bbox 250 3891 361 3953; x_wconf 81' lang='lat' dir='ltr'>gerettet</span> <span class='ocrx_word' id='word_1_434' title='bbox 378 3886 482 3939; x_wconf 85' lang='lat' dir='ltr'>werden</span> <span class='ocrx_word' id='word_1_435' title='bbox 503 3886 580 3948; x_wconf 79' lang='lat' dir='ltr'>uird3</span> <span class='ocrx_word' id='word_1_436' title='bbox 606 3886 686 3940; x_wconf 83' lang='lat' dir='ltr'>daher</span> <span class='ocrx_word' id='word_1_437' title='bbox 735 3890 846 3955; x_wconf 88' lang='lat' dir='ltr'>reichen,</span> <span class='ocrx_word' id='word_1_438' title='bbox 864 3891 1013 3955; x_wconf 77' lang='lat' dir='ltr'>geuinnen3</span> <span class='ocrx_word' id='word_1_439' title='bbox 1031 3904 1062 3943; x_wconf 87' lang='lat' dir='ltr'>so</span> <span class='ocrx_word' id='word_1_440' title='bbox 1080 3894 1104 3952; x_wconf 83' lang='lat'>3,</span> <span class='ocrx_word' id='word_1_441' title='bbox 1119 3891 1187 3953; x_wconf 69' lang='lat' dir='ltr'>tet</span> <span class='ocrx_word' id='word_1_442' title='bbox 1208 3890 1248 3941; x_wconf 81' lang='lat' dir='ltr'>to-</span> 
     </span>
    </p>
   </div>
   <div class='ocr_carea' id='block_1_4' title="bbox 0 0 1318 4416">
    <p class='ocr_par' dir='ltr' id='par_1_5' title="bbox 0 0 1318 4416">
     <span class='ocr_line' id='line_1_48' title="bbox 0 0 1318 4416; baseline 0 0"><span class='ocrx_word' id='word_1_443' title='bbox 0 0 1318 4416; x_wconf 95' lang='lat' dir='ltr'> </span> 
     </span>
    </p>
   </div>
  </div>
 </body>
</html>
