2626 4416
479 227 480 231 '
551 255 699 310 uu-sc.
1120 250 1161 312 73

83 428 153 489 stris
168 427 204 487 ad
218 427 342 488 salutem
358 438 557 503 momentum3
581 429 658 489 nacti
680 430 760 489 enim
782 430 910 508 spatium
932 449 964 490 se
986 429 1016 489 in
1031 428 1096 490 loca
1112 438 1162 491 sm

83 513 204 592 periora
226 523 412 591 receperunt.
442 512 605 574 Desiderati
627 525 699 574 sunt
713 533 748 575 eo
763 515 810 575 die
826 514 967 592 sagittarii
983 513 1101 574 cir'citer
1116 534 1160 588 oc,

84 598 199 675 equites
213 597 315 676 pauci,
333 598 473 658 calonum
487 606 575 675 atque
590 598 870 677 impedimentorum
886 618 947 659 non
963 617 1089 677 magnus
1104 618 1162 659 nu·

83 701 193 743 merus.
964 698 971 709 ‘

170 763 227 830 52.
251 766 305 827 His
325 775 425 827 tamen
442 767 581 827 omnibus
603 785 723 828 annona
739 769 842 843 crevit3
865 787 940 846 (puae
956 770 1082 830 sereres
1098 788 1159 830 non

84 854 181 914 solum
196 851 298 930 inopia
312 853 486 929 praesentis,
506 852 557 912 sed
573 852 661 913 etiam
676 853 768 913 futuri
782 853 926 932 temporis
939 854 1046 915 timore
1061 854 1160 933 ingra-

83 956 205 999 vescere
220 937 382 997 consuevit.
411 937 532 1015 lamque
548 938 583 997 ad
599 938 737 999 denarios
751 958 769 998 n
785 938 815 997 in
831 938 964 1017 singulos
978 938 1094 1000 modios
1108 957 1161 1000 an·
1183 946 1198 995 2

85 1041 166 1084 nona
188 1033 377 1101 pervenerat,
401 1032 430 1082 et
450 1022 577 1082 militum
596 1023 673 1083 vires
688 1023 789 1101 inopia
802 1023 945 1084 frumenti
967 1024 1161 1098 deminuerat,
1182 1030 1198 1080 t

84 1119 174 1186 atque
189 1107 376 1168 incommoda
387 1107 417 1167 in
430 1108 493 1168 dies
502 1108 696 1186 augebantur,
712 1119 813 1168 ettam
827 1109 929 1186 paucis
941 1108 1044 1169 diebus
1055 1127 1162 1188 magna

84 1202 148 1254 erat
162 1211 264 1253 rerum
278 1194 355 1252 facta
370 1193 560 1252 commutatio
576 1211 611 1253 ac
626 1212 659 1253 se
673 1194 793 1253 fortuna
807 1193 1008 1264 inclinaverat,
1024 1205 1058 1254 ut
1068 1193 1163 1254 nostri

83 1297 192 1358 magna
211 1277 312 1356 inopia
327 1278 560 1339 necessariarum
576 1297 678 1338 rerum
693 1279 952 1352 conflictarentur,
968 1278 1010 1338 illi
1024 1279 1163 1340 omnibus

84 1364 272 1424 abundarent
285 1363 375 1424 rebus
397 1364 626 1442 superioresque
640 1362 831 1424 haberentur.
862 1363 969 1424 Caesar
991 1363 1026 1424 iis
1041 1364 1163 1424 civitati·
1183 1373 1199 1422 4

84 1448 157 1522 hus,
179 1467 255 1526 quae
270 1444 384 1508 adeius
406 1448 563 1509 amicitiam
585 1457 784 1522 accesserant,
808 1449 888 1527 quod
902 1448 1002 1508 minor
1023 1459 1086 1510 erat
1100 1450 1163 1509 iru-

84 1534 178 1594 menti
192 1533 287 1611 copia,
302 1551 395 1611 pecus
409 1533 588 1611 imperabat3
607 1534 727 1594 calones
742 1535 777 1594 ad
793 1533 1019 1611 longinquiores
1034 1533 1164 1594 civitates

85 1617 266 1693 dimittebat3
281 1611 345 1696 ipse
361 1627 548 1695 praesentem
563 1618 695 1696 inopiam
710 1619 818 1697 quibus
832 1625 949 1697 poterat
964 1616 1101 1679 subsidiis
1116 1630 1163 1679 tu·

85 1703 212 1763 tahatur.

172 1783 230 1852 53.
257 1787 337 1846 Haec
363 1787 501 1846 Afranius
526 1786 721 1864 Petreiusque
745 1796 900 1846 eteorum
922 1786 1007 1845 amici
1029 1786 1164 1864 pleniora

86 1873 175 1932 etiam
189 1881 278 1949 atque
299 1871 437 1931 uberiora
451 1871 576 1930 Romam
591 1872 625 1931 ad
641 1888 711 1931 suos
732 1870 965 1948 perscribebant.
999 1871 1089 1931 Multa
1112 1890 1163 1931 ru·
1184 1877 1199 1926 2

86 1976 153 2017 mor
170 1956 344 2034 affingebat,
368 1964 401 2016 ut
419 1973 515 2034 paene
537 1955 648 2015 bellum
671 1957 839 2015 consectum
860 1955 1017 2014 videretur.
1049 1955 1163 2026 Quibus
1183 1961 1200 2010 t

85 2041 191 2102 litteris
213 2040 386 2119 nuntiisque
400 2041 524 2100 Romam
545 2040 667 2120 perlatis
688 2040 788 2117 magni
810 2039 930 2099 domum
948 2057 1113 2102 concursus
1127 2042 1164 2102 ad

120 2155 209 2213 521.
232 2161 336 2207 tameo:
361 2170 436 2207 wenn
464 2157 529 2208 auch
555 2155 599 2207 der
650 2154 837 2219 gebraucht=
851 2155 1164 2222 abwehren,surdasge-

88 2225 192 2276 Verlust
217 2224 288 2276 nicht
314 2223 458 2276 bedeutend
481 2224 534 2275 und
557 2223 599 2275 die
650 2223 825 2275 wohnlichere
841 2240 904 2274 mor
924 2226 1164 2275 tutabatur-abio*

88 2293 170 2344 Sache
192 2292 226 2343 im
250 2307 347 2358 ganzen
373 2297 420 2358 gut
445 2291 598 2357 obgelausen
652 2294 722 2355 opio,
740 2291 765 2342 in
778 2290 858 2344 Prosa
871 2292 938 2344 ohne
950 2291 1071 2358 Beispiel.
1090 2291 1162 2357 [Sall.

88 2376 141 2411 war
162 2363 194 2420 [c.
213 2364 254 2425 51,
273 2362 307 2424 6),
334 2375 363 2412 so
390 2360 509 2411 eatstand
531 2359 599 2411 doch
649 2357 739 2423 fragm.
758 2376 795 2411 or.
813 2359 872 2426 Lep.
891 2363 907 2424 ξ
929 2363 940 2412 1
960 2360 1106 2425 wirdjetzt
1123 2359 1164 2412 sur

86 2428 166 2480 durch
189 2428 239 2480 alle
266 2428 331 2480 oben
359 2428 528 2493 angetuhrten
550 2427 599 2478 Zu-
651 2427 770 2477 tomedo
789 2427 1165 2494 pericolugelesenoitandie

86 2496 176 2548 stinde
203 2495 244 2547 ein
266 2495 373 2547 anderen
396 2495 529 2560 Nachteil‚
553 2495 599 2547 das
646 2497 716 2559 pen]
1040 2494 1042 2499 '

87 2563 190 2628 Steigen
203 2563 248 2614 der
259 2561 402 2628 Tenerung.
415 2593 448 2601 -
462 2562 600 2630 quaesere
682 2561 731 2616 53.
750 2567 773 2614 1.
796 2565 1002 2628 permanebant
1026 2564 1053 2614 in
1080 2563 1164 2614 seiner

85 2648 142 2681 rer.-
168 2630 209 2682 die
227 2630 344 2696 Stellung
361 2646 413 2682 von
431 2631 489 2692 fere
507 2632 557 2683 wie
574 2634 598 2696 3,
650 2629 803 2696 Bedeutung
829 2629 994 2681 ‘aussuhrlieh
1016 2630 1163 2696 berichten',

87 2701 170 2761 3'1‚5:
184 2699 600 2762 quoinlocorupcrioaabmfere
651 2712 716 2762 ganz
743 2697 853 2763 passend
880 2713 912 2748 zu
932 2697 1059 2762 pleniora
1083 2701 1164 2764 atquc

87 2767 180 2815 diebus
202 2766 331 2828 pabulari
353 2772 521 2827 consuerant,
548 2767 598 2820 Gic.
650 2768 793 2816 abolore:
827 2765 894 2816 noch
927 2765 1082 2830 vergrossert
1111 2766 1163 2816 und

87 2831 523 2895 adAtt.1,14,1:urooovsae
541 2840 599 2885 too-
650 2833 820 2885 oberoieben.
855 2832 915 2884 Mau
932 2833 1046 2884 erzihlte
1064 2833 1119 2884 sich
1137 2834 1163 2884 iu

88 2899 162 2950 tulere
186 2899 312 2964 epistolae
335 2905 436 2966 tempus
461 2902 599 2952 habuerim
651 2899 724 2965 Rom,
743 2901 819 2952 Cisar
831 2901 869 2952 sei
881 2900 1098 2964 eingeschlossen,
1111 2917 1162 2954 von

88 2967 139 3018 und
158 2971 231 3019 sonst
247 2966 294 3019 oft.
651 2969 739 3020 seinen
748 2968 869 3034 Truppen
881 2968 1021 3032 verlassen,
1033 2983 1108 3034 sogar
1120 2983 1163 3034 ge·

121 3039 145 3087 2.
164 3037 200 3086 ad
216 3036 341 3086 dmcrior
359 3037 390 3086 L.
407 3035 454 3086 Ein
472 3034 555 3087 Denar
566 3035 601 3086 ist
651 3035 753 3100 sangen.

87 3130 120 3148 =
132 3103 302 3168 4Sesterzen,
315 3105 380 3156 nach
392 3118 510 3156 unserem
520 3102 600 3154 Gelde
686 3106 709 3156 3.
728 3103 835 3154 domum
859 3118 1004 3154 coneurrao
1026 3104 1063 3154 od
1079 3103 1163 3165 Afra-

87 3195 120 3214 =
139 3175 171 3223 70
183 3171 223 3225 Pi.
259 3171 293 3222 Es
311 3171 370 3223 kam
388 3172 467 3223 daher
484 3173 529 3223 uer
544 3170 599 3223 Mo·
648 3174 740 3221 nium:
754 3171 801 3222 ins
818 3170 887 3223 Hans
904 3187 962 3222 aum
980 3170 1108 3224 Afranius.
1137 3175 1162 3238 2,

87 3239 144 3291 dius
163 3266 194 3285 =
213 3242 288 3304 8354
305 3240 331 3292 L.
351 3240 396 3291 aus
412 3242 444 3292 35
462 3239 510 3305 m,
529 3240 599 3290 with·
651 3243 696 3302 20,
715 3243 742 3292 5:
773 3238 880 3290 domum
908 3240 945 3290 ad
971 3238 999 3289 re
1024 3243 1162 3305 reciperat.

86 3306 149 3359 rend
166 3307 193 3358 in
214 3308 409 3373 gewohnlichen
428 3308 516 3359 Zeiten
534 3309 598 3359 nach
651 3307 701 3358 Cic.
720 3323 745 3373 p.
759 3306 824 3359 Sest.
838 3308 855 3374 ᾗ
869 3311 913 3359 41:
931 3308 1007 3372 apud
1023 3323 1064 3358 me
1081 3308 1161 3360 (1οωί.

87 3376 138 3427 Cic.
151 3374 223 3426 Verr.
236 3378 259 3437 3,
274 3380 304 3426 75
318 3393 342 3428 u.
356 3380 388 3429 85
407 3376 451 3427 der
464 3375 538 3427 Staat
550 3375 599 3428 den
649 3373 697 3426 Μὴ
732 3377 849 3442 wenigen
885 3375 1003 3428 Strichen
1044 3375 1162 3428 aeichnet

86 3442 600 3509 Modiushochstenszu3¹p‘2-4Sester-
651 3443 727 3494 Gisar
762 3442 869 3495 treiiend
898 3444 940 3496 die
969 3443 1089 3495 Halbheit
1118 3443 1162 3495 der

86 3526 133 3562 zen
159 3509 256 3569 kauste.
280 3538 313 3548 —-
330 3516 520 3576 pervenerat:
546 3527 599 3563 war
650 3509 877 3577 Parteigenossen,
902 3512 943 3563 die
961 3511 1160 3564 unentschieden

85 3579 127 3630 bis
145 3593 176 3629 zu
187 3578 252 3657 ⁸(leni
274 3579 399 3629 hochsten
417 3577 489 3630 Preis
507 3580 600 3657 gestie-
650 3579 677 3629 in
694 3578 758 3631 Rom
782 3579 824 3630 die
843 3577 988 3644 Ereignisse
1013 3576 1163 3658 abuartend

87 3645 600 3780 ittit,itittt‘titt‘uiutu
650 3647 793 3777 statu?
812 3647 1164 3777 tis⁰ui¹¹tzttttt¹¹aiss

87 3787 139 3834 ten.
174 3780 232 3847 Vgl.
250 3781 280 3833 Β.
298 3781 352 3833 Afr.
371 3783 413 3840 47,
431 3783 454 3831 4.
650 3783 729 3846 stiger
740 3782 855 3834 wurden.
873 3781 945 3832 Auch
955 3781 1043 3832 Cicero
1057 3780 1163 3845 gehorte

121 3854 146 3903 4.
172 3854 342 3916 praeeuntem
359 3851 479 3912 inopiam
496 3850 600 3899 tutaba-
650 3864 683 3900 zu
695 3849 784 3902 diesen
794 3848 992 3900 Abwartenden.
1022 3847 1163 3913 (Cassbio

89 3923 143 3984 tur,
155 3918 204 3971 wie
216 3934 238 3970 c.
249 3921 273 3984 7,
283 3921 312 3969 7:
329 3919 447 3969 intonas
458 3915 600 3976 defendere
650 3920 693 3982 41,
712 3918 763 3983 21.)
