2626 4416
567 257 585 316 Ι.
603 260 713 316 47-50.
1134 256 1171 321 71

99 451 199 512 neque
213 432 338 493 multum
350 451 367 492 a
377 432 545 493 maturitate
559 432 697 517 aberant;
714 452 747 495 ao
762 434 893 494 civitates
907 434 1081 508 exinanitae,
1097 433 1178 513 quod
1198 445 1214 494 c

99 517 239 580 Afranius
261 536 355 596 paene
377 536 466 578 omno
488 518 672 579 frumentum
693 528 761 579 ante
777 518 908 580 Caesaris
928 519 1086 580 adventum
1104 519 1176 580 ller-

101 605 168 664 dam
183 610 369 676 convexerat,
384 603 491 682 reliqui
503 602 527 664 si
540 603 609 681 quid
621 603 726 677 luerat,
743 603 847 665 Caesar
858 603 1062 682 superioribus
1072 603 1177 665 diebus

101 696 339 766 consumpseram
355 706 473 766 pecora,
489 688 568 766 quod
584 689 748 749 secundum
763 696 879 767 poterat
893 707 957 750 esse
972 689 1090 767 inopiae
1105 689 1176 749 sub-

95 772 222 847 sidium,
249 780 373 851 propter
394 772 504 832 bellum
526 773 669 833 finitimae
691 773 820 834 civitates
840 772 960 853 longius
981 779 1175 834 removerant.

103 857 163 928 Qui
182 866 267 917 erant
287 857 447 936 pabulandi
462 866 513 919 aut
526 858 726 919 frumentandi
741 876 829 919 causa
843 858 1009 937 progressi,
1031 859 1086 920 hos
1106 858 1178 921 levis
1198 870 1213 919 τ

99 950 266 1003 armaturae
281 941 414 1003 Lusitani
435 942 581 1022 peritique
604 960 706 1004 earum
728 943 884 1022 regionum
906 942 1010 1003 cetrati
1031 943 1177 1005 citerioris

101 1027 260 1106 Hispaniae
283 1027 546 1103 consectabantur;
570 1027 679 1106 quibus
694 1036 756 1088 erat
770 1027 900 1106 proclive
921 1035 1039 1088 tranare
1054 1028 1175 1101 flumen,

98 1112 181 1191 quod
196 1112 381 1173 consuetudo
399 1131 503 1174 eorum
525 1112 659 1174 omnium
674 1121 732 1187 est,
754 1121 789 1173 ut
809 1112 874 1174 sinc
895 1111 1012 1173 utribus
1034 1112 1070 1172 ad
1092 1130 1176 1173 exer·

99 1197 191 1258 citum
207 1216 268 1258 non
284 1206 361 1257 eant.
1012 1192 1021 1209 '

185 1277 245 1346 49.
269 1284 306 1342 dt
328 1282 474 1343 exercitus
489 1282 601 1343 Afranii
624 1282 757 1343 omnium
772 1300 873 1342 rerum
894 1280 1063 1342 abundabat
1081 1281 1176 1360 copia.

100 1367 225 1428 Multum
237 1376 300 1427 erat
310 1368 492 1428 frumentum
504 1368 653 1446 provisum
664 1367 875 1428 e'toonveotum
886 1366 1092 1445 superioribus
1102 1375 1176 1426 tem·

100 1451 233 1532 poribus,
248 1453 375 1513 multum
386 1471 422 1513 ex
437 1452 518 1512 omni
533 1452 684 1531 provincia
698 1450 954 1531 comportabatur;
970 1470 1077 1531 magna
1092 1451 1177 1530 copia

101 1537 202 1616 pabuli
220 1537 405 1616 suppetebat.
441 1536 554 1598 Harum
577 1537 710 1598 omnium
732 1555 834 1598 rerum
855 1536 1008 1597 facultates
1029 1536 1095 1597 sine
1116 1536 1177 1597 ullo
1199 1546 1214 1595 2

100 1622 233 1700 periculo
248 1641 327 1700 pons
337 1621 448 1682 Ilerdae
463 1621 624 1701 praebebat
635 1630 664 1684 et
674 1622 739 1682 loca
753 1630 836 1683 trans
849 1621 960 1682 llumeu
976 1621 1101 1700 integra,
1117 1640 1176 1699 quo

101 1707 224 1767 omnino
241 1706 346 1767 Caesar
360 1705 440 1766 adire
455 1726 516 1767 non
532 1714 657 1785 poterat.

186 1787 244 1856 50.
269 1791 330 1851 Hae
345 1799 573 1869 permanserunt
588 1809 680 1869 aquae
696 1789 759 1851 dies
774 1790 952 1869 complures.
983 1789 1113 1850 donatus
1135 1797 1178 1849 est

102 1875 208 1937 Caesar
223 1877 345 1935 reticere
360 1880 481 1952 pontes3
504 1876 555 1935 sed
571 1893 626 1936 nec
648 1875 819 1953 magnitudo
842 1873 973 1934 fluminis
990 1872 1178 1952 permittebat

102 1978 201 2039 neque
214 1961 251 2020 ad
266 1959 358 2038 ripam
375 1958 532 2038 dispositae
555 1960 693 2020 cobortes
713 1958 944 2020 adversariorum
960 1959 1064 2037 perlici
1084 1958 1178 2037 patie-

102 2045 228 2120 bantur3
250 2044 328 2123 quod
352 2043 409 2103 illis
430 2044 590 2122 probibere
611 2052 674 2105 erat
688 2043 773 2104 facilc
789 2062 857 2104 oum
872 2043 965 2122 ipsius
980 2043 1111 2104 fluminis
1126 2061 1179 2103 na·
1201 2052 1215 2100 2

101 2137 168 2190 tura
183 2137 270 2208 atque
286 2147 379 2207 aquae
394 2129 612 2208 magnitudine,
634 2137 698 2191 tum
713 2129 792 2207 quod
808 2147 844 2189 ex
859 2128 928 2188 totis
942 2128 1015 2207 ripis
1036 2128 1067 2188 in
1082 2146 1177 2189 unum

101 2224 190 2293 atque
202 2224 360 2293 angustum
371 2213 470 2274 locum
482 2215 539 2274 tela
554 2214 752 2288 iaciebantur3
769 2222 857 2292 atque
869 2221 931 2274 erat
941 2213 1059 2274 difficile
1075 2214 1178 2275 eodem
1199 2222 1214 2270 a

103 2308 237 2379 tempore
252 2299 437 2379 rapidissimo
452 2299 574 2360 llumine
590 2318 679 2379 opera
695 2300 839 2378 perlicere
855 2307 885 2359 et
898 2298 956 2359 tela
970 2298 1070 2359 vitare.

102 2432 183 2486 treide
195 2432 292 2498 pilegte
304 2432 349 2484 aul
357 2431 615 2499 denDrescbpliitzen
665 2430 789 2483 Soldaten
806 2431 890 2484 dieser
906 2430 1016 2482 Provinz
1037 2431 1116 2483 leicht
1133 2431 1177 2482 be-

101 2517 161 2554 num
178 2499 313 2552 Troclmen
330 2501 358 2550 in
374 2499 473 2552 ilanien
491 2501 615 2566 gebracht
665 2499 861 2551 wallnetwaren
872 2497 933 2549 oder
943 2497 1179 2550 ldrdiesenZweck

102 2586 135 2621 zu
156 2567 268 2632 werden,
294 2567 345 2618 wie
369 2567 510 2619 Columella
535 2571 557 2632 2,
582 2570 612 2619 21
664 2565 1179 2626 leicbtbewaffnetwurden;denahier·

101 2639 172 2701 sagt:
184 2638 275 2685 messis
286 2633 412 2695 faciendo
425 2641 472 2696 est,
483 2642 516 2687 ut
524 2639 616 2702 potius
665 2651 698 2685 zu
715 2649 802 2686 waren
820 2633 994 2697 Ortskundige
1015 2632 1179 2684 erforderlicb

103 2707 134 2753 io
145 2718 210 2753 arca
222 2707 248 2752 et
263 2705 294 2752 in
306 2717 400 2752 acervo
413 2719 493 2768 quam
505 2707 535 2752 in
547 2718 615 2768 agro
666 2699 1179 2753 nndSchwerbeweffnetenichtzubrau·

100 2770 285 2834 grandescant
306 2768 453 2829 solamenta.
486 2769 557 2821 Dann
581 2770 616 2821 ist
641 2825 643 2830 ,
666 2771 738 2821 chen.
762 2798 797 2806 —
819 2772 877 2819 eine
894 2770 1007 2829 utribus,
1031 2768 1078 2819 aul
1097 2768 1180 2820 denen

104 2838 149 2889 der
167 2835 244 2888 Sina:
268 2835 310 2887 die
326 2834 469 2888 Jahreszeit
487 2852 541 2889 war
558 2837 617 2888 sehr
667 2838 705 2889 sie
717 2838 780 2889 iiber
798 2835 839 2887 die
851 2835 940 2887 Fldsse
953 2839 1048 2887 setzen.
1070 2835 1124 2886 Liv.
1138 2839 1179 2899 21,

103 2904 256 2970 nngdnstig;
273 2904 341 2955 denu
354 2903 400 2956 das
412 2903 529 2956 Getreide
541 2903 617 2955 stand
667 2907 708 2967 27,
722 2909 751 2956 5:
778 2905 892 2968 Hispani
908 2907 966 2953 sina
991 2903 1048 2954 ulla
1064 2904 1133 2954 mole
1149 2906 1179 2953 in

105 2972 191 3025 weder
208 2972 254 3023 aui
269 2971 376 3035 llanlen,
395 2971 449 3024 dass
467 2987 527 3023 man
544 2972 616 3023 bitte
666 2976 741 3022 utros
772 2973 934 3021 nocumentis
960 2973 1099 3032 coniectis,
1127 2973 1181 3037 ipsi

103 3041 144 3093 die
153 3040 250 3092 Komer
260 3040 421 3104 gebrauohen
431 3039 542 3104 konnen,
550 3039 617 3091 noch
668 3043 748 3090 notris
776 3040 920 3104 suppositis
940 3040 1105 3105 incubantes,
1127 3041 1179 3102 tirc-

104 3123 158 3160 war
179 3123 207 3159 es
225 3108 287 3158 weit
304 3121 391 3173 genug
407 3123 459 3159 von
481 3107 525 3159 der
543 3107 616 3158 Reile
665 3123 726 3158 men
743 3112 924 3157 transnatare.

102 3177 222 3240 entiernt,
232 3175 287 3228 dals
297 3190 355 3226 man
368 3190 396 3226 es
408 3175 479 3228 bitte
491 3175 530 3227 als
539 3173 617 3226 Vieh·
700 3173 747 3228 49.
766 3177 790 3226 2,
802 3177 926 3239 integra:
941 3173 1009 3226 nocb
1020 3174 1178 3240 unversehrt,

104 3244 182 3296 futter
192 3243 347 3295 verwenden
360 3243 471 3296 kdnnen.
493 3243 543 3295 Der
555 3241 616 3295 Satz
666 3258 719 3295 von
730 3241 895 3308 Plirndernng
905 3242 1049 3306 verschont,
1066 3258 1121 3293 non
1133 3259 1179 3294 crc-

104 3313 165 3364 aber
178 3327 209 3362 ac
222 3314 343 3362 civitates
355 3315 404 3364 oet.
416 3312 451 3364 ist
463 3312 534 3363 nicht
545 3309 618 3363 Fert·
666 3313 783 3362 inonita.
804 3338 840 3349 -
865 3312 937 3372 loca,
962 3326 1022 3376 quo.
1056 3309 1106 3362 Das
1128 3309 1180 3361 Ad-

104 3385 212 3444 setzung
230 3379 276 3430 des
293 3377 487 3445 Relativsatzes,
505 3380 616 3433 sondern
666 3379 736 3430 verb.
760 3378 806 3430 aui
833 3378 875 3431 ein
899 3377 1031 3430 Substant.
1055 3378 1178 3445 bezogen,

105 3463 132 3500 er
144 3448 178 3498 ist
189 3446 347 3498 koordiniert
356 3446 413 3499 dem
427 3446 502 3500 Satze
514 3454 617 3514 ternpus
667 3447 718 3499 wie
728 3447 794 3499 oster
804 3445 846 3498 bei
856 3446 939 3498 G'asar.
951 3445 976 3499 S.
984 3446 1013 3500 Β.
1024 3445 1052 3498 G.
1064 3450 1086 3508 1,
1097 3449 1139 3512 42,
1150 3451 1178 3498 5:

104 3519 166 3567 erat
183 3513 385 3575 difficillimum.
668 3519 742 3581 cquis
770 3513 855 3566 Gallis
884 3517 1017 3580 equitibus
1043 3516 1179 3575 debentis,

139 3587 164 3635 6.
182 3597 214 3633 oc
224 3597 272 3634 vor
284 3597 298 3632 c
310 3581 360 3633 wie
373 3585 397 3646 3,
409 3585 450 3645 78,
464 3586 490 3643 33
509 3582 538 3635 B.
551 3581 579 3634 G.
595 3586 616 3645 1,
668 3600 698 3635 eo
718 3585 881 3648 legionarios
897 3583 996 3633 milites
1012 3584 1155 3649 imponere.

103 3655 147 3705 44.
160 3653 183 3703 2.
202 3678 236 3687 -
252 3650 411 3700 secundum:
428 3649 482 3702 ‘das
496 3650 617 3702 aichste'.
701 3650 750 3705 bl)-
769 3653 792 3703 2.
816 3667 851 3700 aar
873 3652 936 3702 totis
959 3653 1040 3716 ripis:
1065 3665 1117 3701 von
1135 3649 1180 3700 der

124 3718 450 3782 ¹r.oerrattoiter.r1isp.
469 3717 539 3769 Nach
552 3733 575 3769 c.
585 3721 617 3770 39
668 3733 767 3784 ganzen
785 3716 947 3770 Ulerstrecke
969 3733 1023 3770 aus.
1046 3746 1079 3754 —
1100 3721 1179 3782 atque

104 3801 193 3839 waren
205 3785 246 3838 die
256 3785 386 3837 Koborten
396 3785 441 3836 dee
454 3783 619 3851 diesseitigen
669 3791 826 3851 angustum:
848 3784 909 3837 ‘und
926 3787 1011 3849 awar',
1034 3783 1094 3837 ‘und
1111 3784 1179 3836 noch

106 3854 232 3922 Spaniens
258 3858 387 3906 scutatae.
426 3851 477 3903 Das
503 3853 619 3906 schlielst
669 3853 749 3906 dazu'.

106 3923 169 3976 aber
194 3923 265 3974 nielrt
292 3937 346 3986 aus,
373 3921 428 3974 dale
451 3921 515 3973 anob
534 3921 618 3987 einige
703 3924 726 3973 3.
739 3921 911 3986 rapidissimo
922 3922 1052 3983 flumine:
1069 3933 1091 3970 c.
1105 3921 1144 3982 25,
1155 3922 1179 3973 6.
