2626 4416
560 246 600 302 tlt
617 248 727 301 stt-99.

1118 240 1180 302 22⁷

106 424 226 485 adversa
243 423 347 484 Caesar
362 422 462 502 copias
477 441 545 483 suas
561 421 657 483 divisit
672 429 846 501 partemque
866 421 1016 500 legionum
1032 421 1062 481 in
1079 419 1182 483 castris

105 509 229 588 Pompei
243 526 398 568 remanere
413 507 513 581 iussit,
536 515 649 586 partem
665 506 695 567 in
712 525 765 567 sua
780 514 874 568 castra
890 506 1016 580 remisit,
1040 514 1182 585 quattuor

104 613 206 656 secum
221 594 354 673 legiones
370 591 453 652 duxit
473 592 733 669 commodioreque
749 591 855 652 itinere
869 591 1058 671 Pompeianis
1074 610 1180 652 occur·

105 699 171 740 rere
188 679 286 757 coepit
301 687 331 738 et
345 695 521 757 progressus
536 676 617 736 milia
631 695 774 756 passuum
788 695 816 735 vr
831 676 924 736 aciem
939 677 1085 738 instruxit.
1116 675 1181 746 Qua
1202 682 1217 732 4

104 784 138 825 re
151 764 352 825 animadversa
367 761 540 841 Pompeiani
551 761 582 821 in
595 761 724 840 quodam
739 770 842 825 moute
858 763 1065 822 constiterunt.
1093 762 1180 823 Hunc
1242 816 1247 826 .

69 889 72 895 -
104 857 238 910 urentem
253 848 364 908 flumen
380 845 546 908 subluebat.
577 846 682 908 Caesar
696 846 803 907 milites
819 847 1004 920 cohortatus,
1020 848 1074 908 etsi
1089 847 1180 909 totius

105 935 163 995 diei
179 931 345 994 continenti
360 931 461 993 labore
477 940 562 993 erant
577 932 706 993 conlecti
723 950 841 1010 noxque
857 932 916 991 iam
929 930 1063 1005 suberat,
1080 940 1179 994 tamen

104 1019 271 1080 munitione
288 1019 400 1079 llnmen
416 1036 432 1078 a
447 1015 549 1078 monte
564 1017 697 1091 seclusit,
721 1036 759 1078 ne
775 1025 867 1078 noctu
889 1017 992 1095 aquari
1007 1016 1180 1096 Pompeiani

103 1114 236 1184 possent.
267 1102 334 1173 Quo
349 1105 481 1182 perlecto
498 1121 588 1182 opere
600 1103 641 1163 illi
653 1103 689 1163 de
701 1103 848 1163 deditione
864 1101 961 1162 missis
974 1101 1078 1180 legatis
1093 1121 1180 1181 agere

104 1197 278 1269 coeperunt.
308 1188 398 1248 Pauci
414 1187 526 1249 ordinis
540 1187 757 1267 senatorii,·qui
773 1206 804 1249 se
820 1206 888 1248 cum
904 1187 939 1247 iis
954 1186 1181 1261 coniunxerant,

105 1286 192 1336 nocte
208 1276 276 1353 luga
292 1275 416 1335 salutem
431 1274 609 1353 petiverunt.

188 1355 245 1423 98.
260 1359 366 1420 Caesar
377 1359 472 1437 prima
484 1359 550 1419 luce
563 1352 667 1419 omnes
679 1377 738 1431 eos,
752 1359 844 1435 quiin
857 1367 959 1419 monte
971 1356 1178 1428 consederant,

104 1444 360 1525 exsuperioribus
381 1443 455 1504 locis
469 1444 500 1504 iu
523 1443 680 1528 planiciem
704 1443 885 1504 descendere
901 1452 988 1521 atque
1011 1461 1093 1502 arma
1107 1461 1177 1522 pro·

104 1531 182 1591 icere
197 1530 290 1590 iussit.
320 1529 407 1599 Quod
419 1529 471 1589 ubi
482 1528 547 1591 sine
559 1527 746 1590 recusatione
758 1528 896 1589 lecerunt
911 1528 1063 1607 passisque
1074 1527 1178 1607 palmis
1200 1531 1215 1581 2

103 1614 228 1693 proiecti
251 1614 286 1674 ad
309 1623 417 1674 terram
439 1616 544 1675 dentes
560 1615 596 1675 ab
612 1634 648 1674 eo
663 1613 787 1675 salutem
802 1614 985 1693 petiverunt,
1008 1613 1178 1674 consolatus

104 1717 286 1779 consurgere
302 1699 386 1760 iussit
401 1708 430 1760 et
444 1718 538 1778 pauca
552 1700 630 1780 apud
645 1719 697 1760 eos
713 1698 748 1759 de
763 1699 883 1759 lenitate
899 1717 951 1760 sua
966 1699 1098 1772 locutus,
1118 1716 1177 1775 quo

103 1785 220 1845 minore
235 1793 335 1845 essent
351 1784 472 1858 timore,
489 1803 592 1846 omnes
608 1784 791 1846 conservavit
805 1783 1005 1863 militibusque
1020 1783 1081 1844 suis
1096 1801 1177 1843 com-

103 1870 267 1944 mendavit,
290 1887 328 1930 ne
344 1869 395 1946 qui
410 1863 514 1930 eorum
529 1870 701 1943 violaretur,
725 1888 785 1929 neu
806 1869 877 1947 quid
898 1869 944 1930 sui
966 1868 1176 1930 desiderarent.

103 1955 166 2014 llac
181 1955 308 2015 adhibita
324 1953 475 2032 diligentia
490 1973 526 2014 ex
542 1955 646 2016 castris
661 1953 718 2015 sibi
733 1954 866 2032 legiones
882 1954 952 2015 alias
974 1972 1132 2014 occurrere
1148 1962 1178 2014 et
1198 1956 1212 2005 3

104 2059 167 2114 eaS,
191 2058 263 2118 quas
278 2057 380 2100 secum
395 2039 531 2113 duxerat,
555 2039 694 2100 invicem
718 2040 905 2118 requiescere
928 2048 1015 2117 atque
1034 2041 1065 2099 in
1082 2048 1176 2101 castra

102 2126 209 2185 reverti
224 2125 309 2186 iussit
324 2124 548 2203 eodemquedie
564 2123 694 2186 Larisam
709 2125 852 2204 pervenit.

187 2206 245 2274 99.
269 2210 303 2269 ln
320 2229 355 2269 eo
378 2209 492 2289 proelio
514 2230 575 2271 non
598 2209 723 2290 amplius
738 2229 771 2269 cc
791 2208 898 2271 milites
914 2209 1101 2283 desideravit,
1125 2211 1176 2271 sed

104 2295 305 2368 centuriones,
318 2296 409 2356 fortes
420 2295 508 2371 viros,
521 2296 640 2358 circiter
650 2315 707 2357 xxx
718 2296 822 2356 amisit.
845 2295 1023 2357 lnterlectus
1034 2305 1078 2356 est
1089 2296 1176 2356 etiam

104 2380 262 2442 fortissime
280 2399 417 2460 pugnans
432 2381 598 2455 Crastinus,
622 2382 707 2443 cuius
729 2380 910 2441 mentionem
934 2399 1021 2460 supra
1044 2380 1175 2452 lecimus,

138 2565 161 2614 3.
182 2567 341 2628 purioraque
362 2566 505 2628 legionum.
539 2565 613 2616 Auclr

104 2630 174 2682 diese
186 2628 267 2681 Stelle
284 2631 361 2696 zeigt‚
379 2630 434 2682 dass
447 2631 523 2683 dicar
540 2636 554 2684 8
567 2632 614 2683 Le-

104 2699 197 2763 gioneu
215 2698 241 2748 iu
254 2696 298 2749 der
311 2696 432 2749 Schlacbt
448 2699 543 2764 gehabt
555 2700 612 2760 bat;

103 2767 170 2818 denn
198 2765 409 2817 wabrscbeinlicb
437 2767 509 2817 teilte
536 2765 613 2818 Glisar

102 2835 173 2886 selue
191 2832 353 2886 Streitkrilte
374 2833 400 2885 in
424 2835 489 2886 zwei
512 2834 612 2900 gleiche

102 2902 182 2964 Teile,
201 2902 242 2953 die
260 2903 315 2953 sich
332 2902 439 2954 abldsen
457 2902 558 2954 sollteu.

136 2978 159 3023 4.
166 2974 273 3034 flamme,
284 2970 362 3035 nicht,
373 2970 422 3022 wie
431 2985 490 3022 man
500 2971 613 3036 gemeint

101 3042 159 3103 liat,
182 3039 228 3091 der
244 3037 371 3105 Enipeus,
396 3053 429 3089 an
447 3039 496 3090 den
514 3039 551 3091 sie
569 3038 615 3090 aul

101 3109 159 3161 dem
170 3107 270 3160 lllarscb
289 3108 354 3159 nach
366 3107 466 3159 Larissa
481 3106 552 3158 nicht
569 3121 613 3173 gc-

100 3177 193 3242 langen
224 3175 353 3240 konnten,
388 3175 499 3228 sondern
528 3176 614 3227 wahe

101 3243 248 3306 scheinlich,
268 3245 317 3295 wie
334 3244 411 3296 Goler
429 3261 453 3311 p.
472 3247 505 3296 94
524 3246 611 3309 meiat,

101 3311 146 3361 der
164 3311 219 3361 sich
236 3311 263 3361 in
280 3310 329 3362 den
347 3311 397 3364 See
414 3311 526 3365 Boebeis
540 3310 611 3376 (llar-

101 3378 150 3441 las)
180 3377 338 3443 ergielsende
367 3380 436 3432 Fluls
467 3379 610 3433 Onchestus

101 3443 223 3510 (Sarlilri).

133 3512 181 3569 dt.
200 3515 223 3566 2.
246 3516 386 3578 passisque
405 3515 512 3581 palmis.
552 3514 610 3581 Vgl.

99 3582 128 3634 B.
137 3581 166 3634 G.
179 3585 202 3645 l,
213 3586 254 3646 51,
264 3584 292 3633 3:
309 3584 397 3647 pacate
412 3586 534 3634 manibus
545 3586 610 3644 llan-

100 3656 138 3702 tes
156 3649 344 3715 implorabant.
358 3679 391 3690 -
404 3667 492 3703 omnes
502 3679 536 3688 —
548 3667 609 3702 aon-

98 3721 224 3772 saroaait.
259 3718 316 3770 Wie
340 3734 367 3771 er
387 3720 468 3772 sebon
491 3719 533 3770 bei
551 3719 608 3771 dem

100 3787 176 3855 Siege
188 3787 279 3841 darauf
289 3787 399 3840 bedacht
408 3802 469 3852 war,
481 3788 552 3839 nicht
563 3804 609 3840 un-

666 2564 724 2616 luhr
741 2579 768 2615 er
780 2564 844 2616 auch
862 2565 926 2615 nach
939 2564 983 2615 der
996 2563 1117 2616 Schlaclrt
1129 2565 1176 2615 mit

665 2631 710 2683 der
721 2631 774 2684 ihm
786 2631 946 2683 natdrlichen
954 2631 1174 2684 lllenschlicldceit.

664 2698 756 2751 Vellei.
775 2703 798 2762 2,
817 2703 864 2753 52:
884 2701 964 2750 Nittt
979 2702 1008 2749 in
1028 2700 1074 2750 illa
1093 2697 1175 2751 aiato-

664 2770 708 2817 νέα
716 2769 875 2831 mirabilius,
884 2767 1109 2832 magnificentias,
1122 2769 1175 2819 cla-

663 2839 722 2886 rius
732 2837 795 2900 sart,
809 2851 888 2901 quam
901 2837 974 2900 qaod
980 2838 1111 2886 neminem
1122 2839 1177 2886 nisi

655 2907 721 2959 ,acie
734 2908 917 2969 consumptam
933 2907 1016 2955 cc'oem
1024 2907 1119 2969 patria
1132 2904 1175 2955 de-

663 2972 800 3023 sideravit.
819 2972 869 3023 Cic.
882 2988 907 3039 p.
917 2972 999 3024 Deiot.
1013 2973 1108 3036 1234:
1126 2971 1175 3024 So-

664 3040 705 3089 lus
722 3056 761 3103 cs,
779 3043 903 3105 inquam,
922 3039 949 3092 0.
968 3041 1078 3105 Caesar,
1097 3043 1174 3090 cuias

664 3111 693 3158 in
704 3108 821 3158 victorae
839 3110 967 3160 ceciderat
977 3124 1052 3159 namo
1064 3111 1119 3159 nisi
1130 3126 1174 3160 aa·-

662 3179 758 3227 malas.
787 3175 1088 3240 Nachcass.1tiott‚6t
1106 3193 1173 3229 wur-

663 3244 712 3296 den
730 3243 771 3296 die
790 3243 930 3297 Senatoren
950 3244 1001 3296 and
1018 3244 1113 3308 Ritter,
1131 3244 1172 3296 die

662 3311 742 3364 scbon
772 3313 865 3364 einnral
898 3313 1039 3380 begnadigt
1068 3313 1172 3365 worden

663 3396 760 3446 waren,
784 3382 962 3448 bingericlrtet.
998 3382 1044 3432 Als
1065 3382 1106 3433 ein
1129 3382 1173 3432 be-

655 3448 783 3502 'souderer
799 3450 853 3503 Akt
876 3450 921 3502 der
938 3449 1085 3502 Humanitit
1107 3448 1172 3500 wird

662 3517 786 3581 gestabam,
806 3518 861 3571 dals
874 3535 901 3571 er
913 3518 955 3571 die
966 3517 1059 3582 Briele,
1072 3518 1113 3569 die
1126 3533 1172 3566 un·

662 3588 700 3635 ter
723 3583 866 3652 Pompeins’
891 3587 1015 3653 Papierea
1042 3584 1170 3651 gelunden

661 3652 766 3704 worden
776 3670 869 3716 waren,
883 3656 1042 3716 verbrannte,
1055 3653 1122 3704 ohne
1134 3653 1171 3704 sie

661 3735 693 3770 zu
699 3720 789 3783 lesen:
805 3726 991 3788 gratissimam
1003 3722 1172 3787 patavitge-

660 3805 711 3839 aaa
729 3793 829 3853 aoniae,
849 3794 959 3852 nescire,
977 3790 1044 3854 qnia
1060 3792 1172 3855 quisque

99 3856 266 3909 nitaBlutau
276 3856 419 3923 vergielsen
428 3857 609 3923 (mitos,parcc
657 3862 792 3922 peccasset
804 3857 901 3909 Seneca
911 3858 943 3909 de
955 3857 990 3908 ira
1002 3860 1025 3921 2,
1035 3859 1076 3910 23.
1101 3854 1170 3909 Cass.

100 3928 201 3976 olardus
226 3924 292 3977 Flor.
311 3928 341 3989 4,
358 3927 388 3990 2,
407 3925 463 3990 50),
496 3939 534 3980 so
552 3939 608 3976 rer·
659 3923 766 3991 Diali,
785 3927 825 3978 63.

915 4012 970 4062 m*
