2626 4416
556 249 584 302 ¹1.
603 252 712 304 tt-as.

1108 248 1169 308 137

99 424 178 503 perit
193 423 291 484 minus
305 440 360 484 xxv
374 421 494 484 mihhus
509 422 598 500 longe
612 421 649 481 ab
665 421 748 482 Utica
763 421 827 484 eius
842 422 942 504 copias
963 422 1080 498 abesse,
1101 425 1170 484 reli·
1198 459 1201 465 ·

100 509 156 571 ctis
167 507 381 569 munitionibus
391 526 455 569 seso
469 506 500 567 in
512 515 608 569 castra
619 505 754 566 Cornelia
765 508 889 586 recepit.
911 507 977 570 Huc
989 509 1171 570 frumentum
1193 519 1209 568 4

100 601 301 672 comportare,
323 601 418 654 castra
434 592 566 666 munire,
582 590 734 651 materiam
749 593 887 654 conferre
902 594 999 673 coepit
1014 593 1171 671 statimque

100 679 130 738 in
148 677 275 738 Siciliam
289 677 383 752 misit,
406 677 449 736 uti
473 677 547 737 duae
569 677 703 755 legiones
721 675 912 756 reliquusque
927 678 1074 756 equitatus
1088 679 1124 738 ad
1139 697 1171 739 se

99 763 276 823 mitteretur.
314 761 414 823 Castra
436 770 521 822 etant
536 760 572 820 ad
587 760 697 821 bellum
712 760 880 822 docendum
896 762 1044 840 aptissima
1067 771 1172 823 natura
1194 774 1209 822 5

99 848 157 908 loci
172 856 202 907 et
223 847 389 907 munitione
404 854 434 906 et
447 845 536 906 maris
557 844 780 924 propinquitate
795 855 825 905 et
839 859 932 924 aquae
948 854 977 906 et
994 847 1062 908 salis
1076 848 1172 927 copia,

99 932 184 993 cuius
199 949 305 1010 magna
322 931 364 992 vis
376 930 434 991 mm
450 949 485 990 ex
507 930 649 1008 proximis
670 938 734 990 erat
753 929 854 991 salinis
869 949 905 991 eo
920 940 1068 1007 congesta.
1105 933 1171 993 Non

100 1016 222 1077 materia
236 1015 424 1076 multitudine
439 1015 593 1090 arborum,
614 1033 675 1076 non
692 1015 888 1090 frumentum,
912 1016 996 1076 cuius
1011 1025 1095 1076 erant
1109 1017 1172 1096 ple·

101 1100 215 1161 nissimi
229 1101 309 1179 agri,
324 1101 449 1162 deficere
463 1107 588 1178 poterat.
619 1101 721 1178 Itaque
738 1100 872 1160 omnium
887 1118 1010 1162 suorum
1025 1119 1174 1162 consensu

102 1185 191 1246 Curio
206 1185 335 1264 reliquas
349 1185 449 1265 copias
463 1194 635 1264 exspectare
650 1193 679 1244 et
692 1184 805 1246 bellum
819 1186 927 1246 ducere
942 1185 1071 1264 parabat.

187 1266 245 1334 38.
268 1270 321 1331 His
344 1269 511 1330 constitutis
526 1270 616 1331 rebus
631 1269 823 1349 probatisque
838 1270 970 1332 consiliis
984 1289 1021 1331 ex
1043 1270 1175 1349 perfugis

102 1354 278 1432 quibusdam
300 1354 456 1434 oppidanis
477 1354 559 1416 audit
580 1354 683 1415 Iubam
705 1364 874 1416 revocatum
897 1354 1024 1416 finitimo
1046 1355 1123 1416 bello
1147 1364 1176 1414 et

101 1439 310 1501 controversiis
325 1439 549 1519 Leptitanorum
572 1439 713 1501 restitisse
734 1440 765 1500 iu
780 1459 890 1519 regno,
913 1440 1088 1514 Saburram,
1113 1439 1176 1500 eius

100 1525 299 1603 praefectum,
323 1542 391 1585 cum
413 1524 612 1587 mediocribus
633 1524 727 1603 copiis
748 1525 871 1586 missum
889 1525 992 1586 Uticae
1014 1524 1174 1604 appropin-

102 1627 201 1687 quare.
238 1609 291 1670 His
312 1608 484 1671 auctoribus
505 1618 616 1669 temere
637 1611 763 1671 credens
784 1608 942 1671 consilium
964 1617 1127 1670 commutat
1148 1617 1177 1667 et

101 1693 215 1773 proelio
226 1711 290 1753 rem
302 1694 487 1755 committere
502 1694 665 1755 constituit.
696 1694 820 1755 Multum
832 1694 867 1755 ad
880 1696 957 1754 hanc
969 1712 1033 1754 rem
1045 1692 1175 1772 proban·
1198 1703 1212 1752 2

101 1778 167 1839 dam
183 1777 299 1838 adiuvat
313 1779 527 1854 adulescentia,
550 1779 721 1858 magnitudo
738 1779 841 1854 animi,
857 1778 1020 1858 superioris
1036 1776 1176 1857 temporis

101 1871 279 1943 proventus,
299 1864 405 1924 fiducia
420 1865 464 1926 rei
478 1864 556 1924 hene
571 1864 727 1943 gerendae.
757 1863 810 1924 His
829 1865 919 1924 rebus
933 1863 1079 1942 impulsus
1093 1861 1176 1940 equi·
1199 1871 1214 1922 3

101 1956 194 2008 tatum
210 1965 330 2008 omnem
351 1948 446 2027 prima
469 1957 557 2009 nocte
579 1949 615 2009 ad
637 1956 732 2010 castra
753 1949 883 2009 hostium
905 1948 993 2008 mittit
1015 1947 1050 2007 ad
1066 1947 1176 2007 flumen

102 2033 279 2111 Bagradam
302 2033 411 2110 quihus
424 2036 560 2112 praeerat
574 2032 717 2107 Saburra,
740 2033 776 2093 de
792 2051 851 2110 quo
867 2042 935 2093 ante
951 2041 1014 2092 erat
1030 2031 1177 2106 auditum;

102 2118 154 2179 sed
168 2135 221 2178 rex
237 2117 376 2178 omnibus
391 2118 484 2196 copiis
499 2118 711 2197 insequebatur
723 2124 752 2176 et
762 2135 790 2176 rr
801 2117 915 2178 milium
926 2135 1066 2197 passuum
1085 2115 1178 2176 iuter·

102 2203 177 2263 vallo
192 2221 209 2262 a
225 2202 354 2263 Saburra
368 2203 554 2263 consederat.
584 2203 707 2282 Equites
722 2202 803 2263 missi
822 2212 911 2263 nocto
926 2203 983 2262 iter
1005 2200 1177 2272 conficiunt,
1199 2212 1215 2262 4

104 2287 300 2368 imprudentis
326 2295 414 2366 atque
438 2287 622 2367 inopinantis
650 2286 745 2347 hostis
770 2288 992 2366 aggrediuntur.
1036 2280 1193 2346 Numidae

106 2371 185 2433 enim
201 2372 327 2450 quadam
341 2371 465 2433 barbara
480 2371 696 2434 consuetudine
707 2371 797 2434 nullis
811 2371 967 2433 ordinibus
981 2371 1089 2451 passim
1106 2388 1178 2430 cou-

140 2489 163 2539 3.
183 2490 261 2552 longe
279 2490 377 2540 abesae.
402 2487 478 2539 Diese
495 2487 617 2540 Hinzuid-

105 2569 181 2674 gang6
191 2570 243 2606 von
253 2557 332 2619 longe
349 2555 416 2607 noch
424 2555 453 2606 Β.
463 2555 492 2610 G.
503 2560 526 2619 h,
536 2560 577 2619 47,
590 2560 618 2617 b;

106 2625 130 2684 a,
151 2625 162 2672 t
184 2660 190 2685 ,
210 2626 232 2672 1.

141 2691 165 2740 t.
184 2688 254 2739 duae
271 2690 400 2753 legiones:
416 2689 467 2741 ‘die
479 2689 579 2742 beiden*
591 2691 617 2741 in

40 2776 43 2789 ·
107 2753 214 2807 Sieilieu
239 2755 505 2823 auruchgehliebenen
528 2758 618 2823 Legio-

108 2837 171 2883 nen;
195 2822 262 2875 denn
279 2824 335 2874 vier
357 2825 427 2877 hatte
445 2840 473 2877 er
496 2825 618 2876 erhalten.

107 2906 127 2944 s.
147 2907 168 2944 c.
187 2893 229 2955 23,
250 2894 271 2943 i.

142 2963 166 3012 6.
180 2959 351 3010 muramutha
360 2962 488 3010 arborum
500 2958 620 3011 kausaler

107 3027 174 3090 hut,
186 3041 276 3092 wagan
286 3025 431 3092 derMenge
440 3026 618 3078 voanurnen.

108 3094 134 3148 S.
145 3094 174 3146 B.
185 3093 214 3146 G.
225 3097 248 3157 3,
258 3097 299 3158 29,
313 3098 339 3148 3:
358 3096 560 3146 dehonoratione
571 3097 619 3144 im·

108 3165 196 3215 orium
216 3165 264 3213 snb
283 3163 401 3227 pellibus
420 3163 518 3213 militer
537 3164 621 3214 cond·

107 3246 171 3280 nera
189 3232 357 3296 conportet.

141 3294 188 3353 38.
212 3302 235 3350 1.
262 3314 297 3348 ea>
315 3297 441 3364 perfugis
463 3298 548 3350 audit.
588 3295 621 3348 Er

108 3364 167 3418 lieis
184 3365 240 3416 sich
257 3363 335 3416 durch
355 3366 412 3418 eine
430 3365 621 3419 ialscheNach·

108 3430 620 3496 richtveridhren,dieJubaverbreitete.

144 3503 166 3552 2.
176 3500 289 3550 multum
301 3501 338 3550 ud
348 3502 417 3552 banc
427 3517 484 3553 rem
496 3503 621 3554 adiuvat:

110 3568 180 3620 hatte
207 3567 310 3633 grossen
331 3567 438 3621 Einssuis
465 3569 510 3621 aui
532 3569 620 3621 diesen

109 3635 264 3700 Entsehluis,
276 3635 469 3701 trugvleldazu
479 3636 528 3688 bei.
551 3636 581 3690 B.
590 3637 619 3689 G.

110 3707 134 3768 7,
144 3708 184 3770 55,
196 3707 235 3756 10.
247 3731 283 3742 -
292 3707 452 3768 procuratam:
470 3703 514 3755 der
531 3703 621 3770 gisleh-

109 3771 177 3824 iiche
194 3771 297 3838 Erfolg,
319 3786 467 3832 ruccones,
485 3774 559 3822 sonet
575 3771 621 3822 all-

111 3839 211 3905 gemein
223 3863 258 3883 =
269 3843 385 3890 euentus.
414 3838 444 3890 B.
459 3837 488 3902 G,
501 3842 524 3901 7,
538 3841 579 3903 80,
591 3843 620 3890 2:

106 3921 218 3973 pugnae
237 3911 399 3974 prccantum
425 3908 621 3972 respectabant,

668 2487 720 2539 und
732 2489 779 2538 mit
793 2486 1013 2539 ausdrdchlichem
1026 2486 1117 2538 Zusatz
1126 2499 1179 2535 von

667 2556 836 2619 accendunt,
849 2557 890 2618 29,
904 2557 931 2607 3:
950 2569 1040 2604 omnes
1051 2553 1180 2603 secundos

668 2626 951 2751 incauto..
969 2620 1181 2752 tattone

668 2760 809 2807 uenissent.
836 2755 895 2807 Man
907 2757 1022 2817 heachte,
1040 2757 1091 2807 wie
1104 2755 1180 2806 Ghser

670 2824 749 2876 durch
758 2822 1181 2889 eingehendeErhihrungderVer-

670 2892 810 2956 aniassung
823 2890 869 2942 das
881 2891 1063 2942 unbesounene
1077 2888 1181 2941 Veriah·

670 2957 1180 3024 rennuentschuldigensuchtwichber-

670 3026 752 3091 haupt
763 3026 788 3076 in
799 3025 855 3077 dem
865 3040 964 3092 ganzen
974 3025 1109 3077 Absehnitt
1118 3025 1181 3076 dher

671 3093 745 3144 Curio
758 3094 816 3144 eine
828 3095 887 3146 sehr
897 3093 1112 3146 rdchsichtsvoile
1120 3091 1181 3144 Dar-

671 3160 785 3227 stellnng
801 3161 998 3214 unverkennbar
1014 3161 1056 3215 ist.

706 3231 730 3281 3.
742 3230 892 3282 domnallo.
911 3229 995 3281 Wenn
1007 3229 1087 3282 durch
1098 3231 1182 3279 inter-

670 3296 771 3349 cattum
800 3297 852 3349 und
880 3300 997 3364 epotam
1032 3297 1183 3349 bezeichnet

671 3364 745 3428 wird‚
762 3365 789 3416 in
801 3366 913 3418 welcher
925 3366 1084 3430 Entfemong
1101 3368 1182 3416 etwas

671 3433 817 3500 geschicht,
841 3448 870 3486 so
893 3435 983 3486 stehen
1004 3433 1075 3486 diese
1093 3430 1182 3483 Worte

671 3503 762 3553 immer
777 3501 813 3552 im
824 3501 883 3554 Abi.
902 3505 933 3561 (s.
943 3517 965 3553 c.
976 3505 1017 3565 41,
1028 3505 1054 3562 1;
1068 3504 1091 3563 1,
1103 3503 1143 3560 18,
1155 3501 1182 3557 1;

671 3569 701 3621 B.
712 3568 768 3622 G.3
787 3573 827 3632 tt,
837 3574 870 3634 h).
892 3568 938 3621 Die
947 3569 1106 3633 Entiernung
1116 3566 1183 3618 ohne

672 3608 838 3689 diesehi'orte
848 3637 911 3688 wird
921 3636 980 3689 teils
989 3636 1067 3687 durch
1078 3635 1126 3685 den
1135 3634 1184 3684 Ac-

672 3720 735 3768 cua,
748 3705 807 3756 teils
819 3704 899 3757 durch
912 3704 962 3756 den
971 3703 1056 3754 Ablat.
1066 3700 1183 3753 bezeich-

672 3776 727 3834 net3
740 3788 762 3824 s.
771 3771 800 3825 B.
811 3771 840 3824 G.
853 3777 874 3835 l,
884 3774 924 3834 22,
935 3776 964 3831 5;
974 3773 1015 3834 43,
1026 3772 1041 3822 2
1051 3769 1103 3820 und
1112 3771 1184 3833 48,1.

673 3905 691 3959 s
706 3844 731 3893 4.
738 3841 856 3905 quodam
865 3838 1184 3890 burdenaconeuctudine.

693 3946 699 3961 .
721 3910 742 3970 1,
761 3910 802 3969 44,
822 3909 845 3959 2.
