2626 4416
130 228 171 291 64
528 235 570 287 on
588 234 690 287 estro
709 235 801 287 emur

131 411 266 472 constitit
280 418 309 470 et
320 409 361 470 ibi
377 408 528 489 paulisper
539 408 593 470 sub
609 409 698 469 armis
713 417 844 470 moratus
860 408 930 469 lacit
944 427 1039 487 aequo
1051 409 1119 470 loco
1135 428 1213 489 pug-

132 495 223 557 nandi
245 503 431 574 potestatem.
461 494 610 554 Potestate
632 495 707 554 lacta
729 493 869 555 Afranius
891 495 991 574 copias
1013 494 1113 555 educit
1134 495 1213 556 etin

96 588 112 638 3
133 581 231 642 medio
246 580 320 640 colle
335 580 390 641 sub
407 578 510 640 castris
525 578 689 638 constituit.
719 578 826 639 Caesar
840 579 890 639 ubi
907 580 1047 658 cognovit
1060 598 1117 659 per
1127 580 1213 641 Ana-

134 666 218 726 nium
233 673 326 738 stare,
348 664 508 743 quominus
525 663 636 742 proelio
652 663 856 739 dimicaretur,
880 663 916 724 ab
932 665 1042 726 intimis
1064 665 1214 726 radicibus

133 751 244 810 montis
259 748 436 810 intermissis
451 748 570 808 circiter
584 747 721 828 passibus
736 767 805 809 ceco
829 758 924 810 castra
939 751 1037 811 iacere
1057 751 1216 812 constituit

97 843 113 892 4
133 844 178 909 et,
201 852 240 895 ne
255 834 285 894 in
302 853 392 913 opere
412 833 551 893 faciundo
572 833 680 893 milites
695 834 855 912 repentino
870 834 999 895 hostium
1021 834 1147 896 incursu
1162 853 1214 895 ex-

134 927 322 980 terrerentur
336 927 425 997 atque
441 937 532 997 opere
547 917 788 997 prohiberentur,
805 920 880 978 vallo
892 920 1001 980 muniri
1014 920 1117 993 vetuit,
1133 918 1215 998 quod

135 1004 265 1065 eminere
277 1013 307 1064 et
321 1004 428 1083 procul
441 1004 534 1063 videri
549 1021 670 1063 necesse
685 1012 757 1076 erat,
773 1003 823 1064 sed
837 1004 962 1065 afronte
978 1013 1082 1065 contra
1096 1005 1216 1065 hostem

134 1090 245 1168 pedum
267 1089 437 1166 quindecim
458 1089 566 1149 lossam
582 1087 647 1147 fieri
662 1087 756 1148 iussit.
787 1087 884 1149 Prima
900 1099 929 1149 et
944 1090 1074 1150 secunda
1088 1089 1169 1150 acies
1183 1089 1214 1150 in

135 1174 233 1248 armis,
248 1181 283 1233 ut
295 1173 332 1233 ab
347 1173 432 1233 initio
448 1172 610 1232 constituta
626 1180 697 1246 erat,
713 1172 923 1251 permanebam
938 1180 1008 1253 post
1021 1173 1076 1234 hos
1091 1192 1170 1255 opus
1184 1175 1215 1235 in

98 1269 113 1318 t
136 1258 252 1319 occulto
268 1276 283 1316 a
299 1258 386 1318 tertia
400 1257 462 1317 acie
477 1256 576 1317 liebat.
607 1256 656 1317 Sic
672 1276 762 1318 omne
776 1257 859 1336 prius
874 1267 920 1319 est
934 1261 1109 1338 perfeetum,
1125 1276 1215 1338 quam

35 1418 37 1423 y
98 1342 358 1420 cintellegeretur
376 1342 412 1402 ab
427 1342 548 1402 Afranio
571 1350 666 1403 castra
687 1343 808 1403 muniri.
846 1342 907 1403 Sub
930 1361 1087 1423 vesperum
1110 1343 1216 1406 Caesar

136 1428 217 1488 intra
231 1427 309 1487 hanc
325 1428 432 1488 lossam
447 1427 581 1507 legiones
602 1427 718 1487 reducit
733 1436 822 1506 atque
837 1427 878 1487 ibi
898 1428 955 1488 sub
970 1429 1059 1490 armis
1081 1429 1216 1508 proxima

138 1518 227 1573 nocte
242 1512 435 1590 conquiescit.

160 1603 163 1609 '
222 1593 281 1660 42.
298 1597 420 1679 Postero
436 1598 483 1657 die
499 1613 618 1673 omnem
634 1596 797 1656 exercitum
812 1596 891 1656 intra
905 1597 1013 1658 fossam
1030 1597 1166 1658 continet
1177 1609 1215 1673 et,

137 1683 217 1761 quod
228 1681 347 1760 longius
358 1692 422 1744 erat
432 1698 521 1760 agger
534 1681 689 1759 petendus,
705 1681 916 1760 inpraesentia
932 1682 1056 1743 similem
1068 1676 1217 1745 rationem

138 1767 237 1846 operis
258 1766 388 1827 instituit
402 1767 577 1846 singulaque
592 1765 682 1825 latera
697 1775 863 1829 castrorum
878 1767 1003 1846 singulis
1022 1766 1161 1829 attribuit
1173 1768 1217 1829 le·

138 1852 277 1930 gionibus
299 1852 460 1913 munienda
481 1854 633 1928 fossasque
656 1851 692 1911 ad
715 1852 838 1912 eandem
856 1852 1091 1930 magnitudinem
1112 1853 1217 1932 pertici

103 1943 118 1992 2
138 1937 233 2012 iubet3
249 1936 378 2015 reliquas
392 1937 525 2016 legiones
540 1935 571 1994 in
583 1935 672 1995 armis
687 1936 838 2014 expeditas
854 1945 959 1998 contra
973 1937 1088 1998 hostem
1105 1938 1217 1999 consti·

100 2027 116 2076 3
138 2022 204 2082 tuit.
248 2021 387 2082 Afranius
409 2021 604 2098 Petreiusque
626 2020 758 2081 terrendi
780 2040 867 2082 causa
890 2030 979 2100 atque
1002 2022 1101 2101 operis
1122 2022 1218 2101 impe·

136 2107 238 2167 diendi
254 2106 354 2185 copias
368 2124 437 2168 suas
449 2107 484 2167 ad
496 2106 613 2167 infimas
627 2105 737 2166 montis
752 2107 865 2167 radices
879 2107 1051 2185 producunt
1062 2114 1093 2168 et
1102 2107 1217 2186 proelio

138 2191 297 2265 lacessunt,
311 2209 408 2269 neque
419 2191 531 2251 idcirco
540 2190 646 2250 Caesar
658 2209 732 2269 opus
743 2190 919 2266 intermittit,
927 2192 1058 2253 conlisus
1069 2192 1218 2270 praesidio

138 2340 165 2392 in
183 2339 228 2392 dcr
245 2339 320 2391 Forrn
343 2339 389 2392 des
407 2339 540 2400 Quincunx
564 2341 652 2407 aulge·
736 2339 826 2395 421.
848 2356 949 2406 agger:
975 2341 1020 2394 dns
1043 2339 1162 2403 Material
1185 2356 1219 2393 ru

138 2407 319 2459 stelltworen.
337 2437 371 2446 -
389 2409 426 2459 ad
436 2409 568 2460 Ilerdam:
586 2410 652 2460 nach
703 2410 761 2461 dem
778 2407 880 2474 Damni,
905 2410 956 2461 wie
978 2409 1025 2462 ott.
1046 2439 1081 2447 —
1104 2409 1219 2463 similem

138 2475 219 2528 Ilerda
238 2475 296 2542 hin,
314 2474 340 2540 in
358 2475 399 2528 die
416 2475 489 2529 Nilne
506 2493 558 2530 von
576 2476 604 2530 ll.
622 2476 651 2529 B.
702 2476 1219 2542 rationemopacarumque-trintum

139 2541 272 2609 unat.
308 2542 377 2596 Uber
388 2545 430 2596 die
441 2544 509 2610 Lege
521 2544 566 2597 der
578 2544 653 2597 Stadt
704 2545 804 2612 gleiche
829 2545 998 2611 Einrichtung
1026 2545 1072 2597 des
1099 2544 1219 2611 Wcrlree,

138 2627 160 2664 s.
174 2610 219 2663 das
232 2626 318 2678 geogr.
331 2612 394 2678 Reg.
404 2640 436 2651 —
446 2612 548 2675 Gdle2r
561 2629 611 2666 aa.
621 2611 651 2665 0.
703 2613 765 2679 geht
783 2612 829 2665 aul
845 2612 945 2677 gleiche
957 2613 1044 2665 Weise
1063 2629 1096 2668 zu
1113 2612 1219 2680 Werke,

139 2695 164 2744 p.
175 2683 222 2732 30:
240 2679 368 2732 Afranius’
380 2680 461 2747 Lager
477 2681 521 2746 lag
539 2682 585 2733 anl
595 2681 653 2733 dem
703 2681 754 2732 wie
779 2696 819 2733 am
837 2680 908 2746 'lage
926 2681 1018 2733 vorber
1041 2696 1074 2733 an
1097 2681 1143 2733 der
1160 2681 1219 2733 dem

139 2746 222 2813 lldgel
234 2747 280 2827 des
293 2749 417 2829 heutigen
428 2749 489 2800 Fert
501 2748 589 2829 Gaden
601 2748 654 2801 und
704 2748 799 2804 Feinde
822 2749 997 2815 zugelselrrten
1016 2747 1094 2832 Seite.
1112 2776 1147 2788 -—
1164 2752 1219 2800 dn·

138 2816 654 2951 darlluftttltltlaltrat
702 2816 1221 2952 alltltllultlrlltultt

139 2951 183 3004 ein
200 2952 240 3004 tor
264 2952 306 3005 ein
322 2953 404 3018 leger
420 2968 472 3005 ron
491 2958 505 3005 5
523 2953 654 3018 Legioocn
704 2954 812 3019 dbrigcn
837 2953 926 3005 Scitcn
949 2953 994 3005 des
1018 2953 1112 3018 Lagers
1139 2953 1220 3006 durch

138 3018 655 3086 zukleingewesenwirc.-Potestate
705 3021 805 3074 Griben
832 3021 976 3087 belestigen
999 3021 1076 3084 (dcnn
1102 3020 1159 3073 dics
1185 3023 1221 3074 let

139 3085 217 3147 secta
238 3089 304 3139 nach
326 3087 397 3150 facit
417 3093 587 3154 potestatem,
611 3104 654 3141 wo
704 3090 760 3141 bier
770 3091 885 3152 munire,
902 3091 1108 3155 §emunctione
1119 3088 1220 3153 scarae)

137 3153 238 3206 furnos
249 3154 331 3207 'dano’
344 3157 479 3209 ansreicbt.
504 3156 654 3208 Gisarliebt
705 3157 757 3209 und
775 3157 816 3209 die
835 3158 850 3222 ξ
864 3160 879 3210 3
898 3158 1048 3209 erwibnten
1064 3156 1118 3208 drci
1129 3157 1221 3224 Legio·

140 3221 303 3288 dergleieben
316 3224 461 3276 bestimmte
472 3224 653 3291 Beziebungcn
705 3240 764 3290 nen,
782 3225 822 3277 die
840 3240 897 3276 zum
911 3225 1022 3278 Schotec
1039 3224 1150 3285 dientcn,
1169 3225 1221 3278 zei-

141 3289 187 3339 aul
203 3288 441 3355 Vorhergebcndcs.
467 3292 525 3358 Vgl.
539 3308 570 3343 zu
582 3291 610 3344 B.
624 3291 653 3345 G.
706 3309 764 3412 qen,
777 3293 832 3344 dass
845 3297 860 3346 6
872 3292 1001 3359 Legionen
1013 3293 1141 3359 vercinigt
1152 3293 1219 3346 sind:

141 3359 263 3422 5‚12,r;
281 3363 360 3410 unten
379 3374 400 3411 c.
418 3362 460 3424 43,
479 3364 507 3412 2:
526 3376 554 3409 se
569 3362 654 3410 inter-
726 3399 733 3412 .
751 3376 772 3413 c.
787 3363 828 3426 39,
847 3363 870 3412 2.
905 3363 939 3414 Es
957 3362 1061 3414 werden
1079 3359 1220 3427 allerdlngs

140 3423 279 3476 clusarum
303 3426 472 3478 adversarios
495 3427 654 3490 confidebat.
706 3444 728 3482 c.
741 3430 811 3490 41,2
829 3429 895 3480 noch
914 3433 929 3483 6
944 3429 1075 3482 Kohortcn
1093 3429 1220 3495 erwibnt,

141 3491 209 3542 Hoc
231 3509 371 3559 sperans
392 3520 426 3540 =
451 3495 597 3561 deswegen.
620 3523 654 3533 -
706 3497 766 3547 aber
786 3496 832 3548 das
856 3496 959 3550 konnen
976 3496 1221 3551 Auxillarkobortcn

140 3559 252 3625 reliquit
269 3590 301 3598 —
315 3563 513 3629 proficiscitur,
536 3566 656 3621 concutit
707 3579 827 3631 gewesen
841 3565 908 3616 scin.

141 3656 174 3666 —
190 3628 276 3689 facit:
294 3645 313 3681 s.
333 3646 364 3682 ιιι
382 3646 404 3683 c.
423 3635 463 3695 65,
484 3635 505 3682 1.
741 3636 764 3686 3.
782 3649 1008 3699 neque=nequc
1025 3638 1113 3684 tomen
1131 3633 1221 3685 wico.

176 3698 200 3750 3.
215 3712 267 3762 per
283 3698 437 3759 Afranium,
448 3704 532 3764 stare,
554 3703 656 3765 quomi-
707 3705 748 3765 11,
766 3704 781 3754 2
800 3719 825 3753 u.
836 3717 866 3754 a.
884 3731 918 3740 —
936 3701 1050 3763 confisus
1071 3700 1222 3767 praecidio.

141 3779 200 3829 nus,
219 3765 269 3816 wie
289 3768 402 3832 2,13,4;
419 3771 561 3833 quominus
577 3768 655 3835 zcigt,
707 3769 845 3834 confidere
863 3771 931 3822 steht
948 3769 990 3821 bei
1007 3769 1084 3822 diser
1101 3768 1223 3820 rotbert-

141 3832 194 3884 wie
211 3831 266 3885 bier
281 3839 355 3886 stare
368 3851 459 3901 per-
474 3837 655 3889 zurcrsteben
706 3836 802 3889 schend
828 3838 874 3889 mit
900 3837 958 3890 dem
980 3837 1051 3902 Abl,
1077 3836 1222 3890 besondere

142 3900 184 3951 ist
706 3905 749 3957 bei
761 3905 907 3959 sachlicben
919 3904 1055 3972 Begrillen‚
1072 3920 1116 3958 um
1129 3920 1163 3958 zu
1175 3905 1223 3958 be-
