2626 4416
138 221 200 285 134

533 222 575 275 DE
593 222 695 276 Buteo
713 222 805 275 cwlu

87 411 115 461 14
136 400 283 480 Equidem
298 418 345 460 me
360 399 492 461 Caesaris
511 398 634 459 militem
649 397 707 458 dici
722 397 809 471 volui,
824 415 876 459 vos
890 414 938 459 me
954 397 1139 477 imperatoris
1155 416 1215 458 no-

136 486 218 546 mine
233 483 438 564 appellavistis.
476 482 565 544 Cuius
578 483 604 544 si
617 501 669 544 vos
691 483 838 562 paenitet,
859 491 990 544 vestrum
1011 482 1095 544 vobis
1117 482 1216 544 bene-

137 571 238 632 ficium
253 569 385 642 remitto,
400 569 472 630 mihi
486 586 584 629 meum
601 586 712 629 nomen
727 567 882 641 restituite,
897 586 936 628 ne
951 567 988 628 ad
1002 568 1215 629 contumeliam

136 656 282 717 honorem
296 654 411 716 dedisse
424 653 600 715 videamini!

222 735 282 804 33.
306 739 370 810 Qua
392 740 526 800 oratione
548 738 676 818 permoti
692 737 799 798 milites
813 737 919 799 crebro
936 738 1024 798 etiam
1038 738 1213 816 interpella-

139 824 227 899 bant,
251 832 283 884 ut
297 843 406 903 magno
428 844 496 885 cum
518 825 620 885 dolore
636 822 816 885 infidelitatis
839 823 1039 902 suspicionem
1062 823 1213 884 sustinere

98 920 113 969 2
136 910 323 984 viderentur,
346 909 548 971 discedentem
569 928 639 970 vero
655 927 691 970 ex
706 909 847 970 contione
862 908 992 969 universi
1006 908 1212 982 cohortantur,

136 1013 244 1075 magno
260 995 298 1056 sit
312 995 428 1068 animo,
451 993 559 1056 necubi
580 994 695 1055 dubitet
715 993 863 1072 proelium
879 993 1064 1054 committere
1082 1001 1113 1055 et
1126 1011 1212 1054 suam

99 1081 223 1142 elidem
245 1079 443 1158 virtutemque
465 1079 602 1159 experiri.
639 1078 705 1149 Quo
726 1078 803 1139 lacto
826 1086 1006 1140 commutata
1028 1078 1162 1139 omnium
1181 1086 1213 1139 et

135 1165 285 1227 voluntate
308 1173 338 1225 et
360 1165 503 1243 opinione
525 1183 675 1226 consensu
696 1181 811 1225 summo
834 1164 987 1225 constituit
1009 1163 1112 1239 Curio,
1141 1181 1212 1224 cum

97 1259 113 1308 4
134 1250 264 1331 primum
285 1249 323 1310 sit
337 1249 402 1310 data
420 1257 565 1329 potestas,
587 1248 702 1328 proelio
720 1267 782 1309 rem
806 1249 1007 1320 committere,
1029 1255 1211 1327 posteroque

134 1335 182 1395 die
204 1333 366 1413 productos
387 1335 489 1395 eodem
511 1335 593 1411 loco,
614 1355 674 1415 quo
689 1332 893 1413 superioribus
907 1333 1013 1394 diebus
1027 1334 1212 1408 constiterat,

97 1419 165 1481 ein
182 1418 243 1480 acie
258 1419 392 1480 collocat.
422 1420 466 1480 Ne
480 1419 574 1481 Varus
588 1420 707 1499 quidem
723 1418 819 1480 Attius
841 1418 954 1480 dubitat
976 1419 1076 1497 copias
1098 1419 1210 1498 produ-

135 1522 219 1578 cere,
246 1503 306 1565 sive
328 1504 503 1566 sollicitandi
524 1505 631 1566 milites
654 1505 713 1566 sive
736 1522 831 1584 aequo
853 1505 919 1565 loco
942 1503 1099 1565 dimicandi
1122 1503 1211 1564 detur

135 1589 261 1662 occasio,
278 1607 316 1650 ne
331 1590 499 1650 facultatem
512 1590 735 1670 praetermittat.

219 1671 278 1739 34.
294 1673 366 1734 Erat
376 1675 458 1736 vallis
472 1675 552 1735 inter
565 1675 638 1737 duas
652 1675 739 1747 acies,
755 1681 788 1735 ut
799 1691 889 1753 supra
904 1672 1138 1734 demonstratum
1155 1681 1209 1746 est,

55 1825 58 1829 ,
134 1759 253 1819 nonita
274 1776 397 1837 magna,
420 1767 449 1820 at
470 1759 581 1821 difficili
604 1767 633 1821 et
646 1761 738 1820 arduo
762 1776 895 1820 ascensu.
931 1758 1014 1819 Hanc
1036 1766 1162 1836 uterque
1184 1757 1210 1819 si

133 1841 368 1905 adversariorum
384 1845 487 1923 copiae
508 1845 634 1906 transire
655 1852 836 1905 conarentur
858 1843 1060 1922 exspectabat,
1084 1861 1144 1922 quo
1160 1860 1209 1903 ae·
1304 1867 1310 1872 ’

97 1933 112 1983 2
134 1927 238 2006 quiere
253 1928 319 1990 loco
341 1930 488 2008 proelium
511 1930 718 1991 committeret.
756 1928 850 1990 Simul
871 1928 908 1989 ab
923 1928 1044 1989 sinistro
1063 1946 1160 1988 cornu
1175 1927 1209 1988 P.

133 2013 203 2073 Attii
219 2014 366 2091 equitatus
381 2015 477 2075 omnis
493 2022 522 2075 et
535 2033 594 2076 una
605 2014 676 2076 levis
691 2022 861 2075 armaturae
876 2013 1024 2074 interiecti
1040 2012 1210 2091 complures

95 2103 110 2153 3
133 2114 200 2157 eum
216 2115 247 2158 se
262 2098 411 2159 invallem
428 2099 626 2173 demitterent,
643 2099 843 2160 cernebantur
858 2108 887 2159 et
902 2098 936 2158 ad
953 2116 1005 2159 eos
1020 2096 1108 2159 Curio
1124 2097 1209 2176 equi-

132 2189 227 2242 tatum
242 2190 306 2242 et11
321 2182 558 2244 Marrucinorum
573 2182 705 2245 cohortis
719 2184 817 2245 mittit.
847 2183 981 2254 Quorum
1005 2183 1132 2262 primum
1153 2182 1210 2242 im·

132 2273 236 2344 petum
250 2267 364 2344 equites
379 2268 508 2328 hostium
524 2287 585 2329 non
602 2269 750 2344 tulerunt,
773 2269 825 2328 scd
839 2267 972 2328 admissis
987 2268 1071 2345 equis
1086 2267 1122 2328 ad
1137 2285 1209 2328 suos

133 2351 323 2429 refugerunt3
345 2352 440 2414 relicti
462 2351 499 2412 ab
513 2353 559 2413 his
574 2352 625 2431 qui
640 2371 700 2414 una
721 2360 935 2433 procurrerant
949 2351 1021 2413 levis
1042 2359 1208 2412 armaturae

127 2465 310 2595 qeflallenbwlalr.
323 2466 644 2588 555551ᾱ551555115ζῖοι55

171 2550 223 2586 roez
258 2550 415 2600 erprann
434 2552 489 2588 rena
507 2552 545 2588 as
598 2552 643 2603 po-

128 2601 209 2654 sition
232 2618 263 2654 au
288 2601 374 2655 tossen
398 2620 430 2656 zu
448 2603 498 2656 den
515 2553 643 2657 dreibor·

125 2670 327 2749 -hererwihnten
342 2671 487 2739 Scblappen
505 2671 555 2725 der·
567 2672 642 2725 Porn-

130 2753 221 2861 petaape
222 2754 253 2858 Γ1.
271 2812 304 2857 at
318 2835 352 2846 -
364 2809 533 2859 viderentur:
550 2808 601 2861 wie
612 2807 642 2861 B.

131 2873 161 2926 G.
179 2876 203 2936 2,
222 2875 264 2939 28,
282 2877 310 2927 3:
328 2880 359 2926 at
376 2877 563 2929 misericordia
578 2892 644 2927 arur

129 2941 283 3006 videratar5
295 2947 319 3009 5,
330 2945 371 3008 38,
383 2947 408 3003 1;
423 2947 446 3010 6,
459 2947 481 3008 1,
492 2947 507 2997 3
517 2969 550 2990 ==
559 2947 642 3010 cerni,

128 3010 259 3128 gadedai,
277 3010 430 3080 patrandae
447 3013 494 3064 mit
511 3011 569 3064 dem
581 3011 642 3065 Par-

154 3092 203 3143 ctp.
366 3092 369 3100 ·

165 3148 189 3197 5.
207 3143 248 3195 Ne
267 3147 356 3198 Varus
374 3148 495 3212 quidem.-
512 3147 592 3200 auch
610 3146 640 3199 V.

128 3211 222 3264 nicht
239 3227 261 3265 c.
274 3215 315 3277 32,
329 3216 373 3274 1ος
386 3212 414 3267 Β.
428 3213 456 3266 G.
470 3219 493 3278 5,
506 3218 590 3281 44,5:
608 3233 642 3267 ne

132 3280 253 3333 Vorenus
270 3281 377 3344 quidem
394 3298 449 3332 aare
469 3282 542 3333 ealle
559 3286 643 3334 canti·

130 3351 185 3399 net.
219 3346 269 3398 Der
285 3348 355 3400 velle
372 3346 452 3401 Nauae
474 3349 519 3401 des
536 3348 643 3403 Mannes

130 3415 166 3467 ist
183 3415 211 3467 P.
227 3417 321 3466 Attius
338 3416 429 3469 Vana
447 3422 477 3477 lc.
489 3419 529 3482 23,
543 3420 578 3481 tl:
595 3418 644 3469 Aa·

130 3485 183 3535 tiae
211 3482 246 3535 ist
272 3481 318 3535 das
347 3498 454 3548 nomen,
481 3484 643 3538 Varnedas

127 3550 421 3672 ffiiniesnubtierhstdig
439 3552 484 3604 der
501 3550 642 3673 llaiserpeit

388 3635 401 3672 a
428 3635 571 3687 cognomen
601 3637 641 3674 em

128 3701 223 3739 nomen
240 3688 466 3753 voranzustellen,
483 3688 534 3741 wie
552 3704 580 3742 es
598 3705 642 3742 na·

128 3754 252 3808 mentlieh
261 3753 376 3808 Velleius
394 3757 446 3809 last
462 3756 552 3809 immet
569 3758 639 3818 tbut;

127 3820 248 3876 ludessen
259 3824 326 3876 auch
337 3840 383 3877 aus
397 3824 512 3878 traherer
522 3825 579 3878 2511
592 3825 641 3878 fln-

121 3888 177 3943 den
190 3891 245 3946 sich
259 3892 344 3960 einige
356 3891 483 3962 Beiepiele
496 3893 581 3947 dieses
593 3893 641 3947 Ge-

691 2468 813 2521 -brauchs
841 2469 912 2520 (lues.
924 2466 954 2520 B.
968 2468 994 2520 (l.
1008 2471 1031 2531 3,
1045 2469 1086 2532 83,
1101 2471 1112 2520 1
1128 2468 1208 2534 Spin·

695 2536 948 2601 tberqneLentnlus,
959 2535 1011 2588 (lic.
1019 2535 1049 2587 ad
1056 2535 1109 2588 Aet.
1119 2539 1159 2600 ll,
1167 2538 1208 2602 12,

697 2608 709 2657 1
728 2605 828 2655 Balbus
847 2603 997 2668 Oornelira,
1020 2603 1107 2670 Nepos
1124 2602 1206 2656 Hann.

694 2675 747 2736 4,4
765 2671 908 2724 L.Panlur
924 2671 1063 2723 Aerna'b'ar.
1098 2672 1125 2723 ln
1144 2670 1207 2724 Sall.

693 2739 752 2806 Juq.
763 2742 804 2805 27,
816 2745 827 2792 l
841 2740 873 2792 1..
883 2741 971 2792 Bestia
984 2739 1145 2805 Calpurniae
1163 2739 1209 2791 555

693 2804 840 2861 Mommsen
860 2809 925 2860 nach
949 2807 999 2860 der⁴
1014 2807 1105 2858 besten
1122 2805 1208 2859 Hand-

694 2875 784 2928 schrift
802 2876 965 2942 Onlpmne'm
981 2875 1110 2940 beseiligt.

726 2941 776 2998 84.
804 2948 825 2998 t.
852 2960 950 3010 snpra:
979 2959 1000 2995 c.
1019 2945 1102 3007 2¹1,4.
1128 2971 1161 2980 -
1182 2945 1208 2993 si
1288 2974 1290 2978 -

694 3017 870 3077 conarentur,
888 3013 1073 3077 exspectabat:
1093 3014 1116 3076 1,
1134 3014 1158 3073 5,
1177 3014 1206 3070 5;

695 3082 736 3142 83,
756 3083 768 3133 1
788 3096 813 3132 u.
832 3083 857 3133 ὃ.

728 3150 752 3200 3.
769 3147 892 3198 admissis
908 3150 996 3213 equis:
1016 3147 1065 3199 mit
1081 3146 1207 3212 1515553-

695 3220 747 3268 tem
756 3215 793 3266 Zd
812 3213 844 3280 el,
855 3214 941 3266 indem
950 3214 999 3266 den
1010 3214 1120 3267 Plerden
1131 3215 1207 3267 115151

693 3282 759 3335 Laus
769 3229 886 3348 gelassen
899 3282 994 3335 werde.
1018 3281 1047 3336 B.
1058 3283 1086 3335 G.
1098 3287 1121 3348 1,
1130 3285 1173 3349 22,
1183 3286 1206 3335 2.

693 3380 728 3390 -
740 3352 804 3402 loeis
821 3355 979 3402 amaturae
996 3351 1076 3417 hingt
1092 3367 1145 3403 von
1159 3353 1208 3416 qut·

693 3435 750 3470 ana
759 3425 956 3501 procurrerant
966 3420 1007 3485 ab,
1025 3420 1076 3470 wie
1093 3419 1110 3486 ᾗ
1121 3421 1137 3471 2
1154 3434 1207 3498 von

692 3486 852 3608 221152
865 3484 1207 3623 ..lassasset

693 3621 780 3676 Subst
793 3622 961 3690 beigegeben,
973 3625 1024 3676 wie
1037 3626 1060 3688 3,
1072 3625 1112 3687 62,
1122 3625 1152 3674 3:
1171 3623 1207 3673 la

691 3695 732 3743 eir
748 3697 905 3744 armaturae
924 3693 1073 3757 militibus,
1095 3689 1206 3742 sondern

691 3759 844 3813 5555155555
867 3759 993 3827 geradequ
1014 3759 1055 3812 die
1072 3757 1206 3825 'l'mppen-

692 3831 808 3895 gattung,
826 3827 877 3880 wie
896 3832 920 3892 3,
934 3831 976 3892 45,
986 3831 1014 3881 3:
1033 3829 1098 3879 55515
1115 3841 1205 3878 armn-

692 3900 769 3948 turae
794 3911 895 3962 magna
917 3895 1089 3948 multitudine
1113 3897 1205 3956 missa,
