2626 4416
173 260 236 321 212
571 260 612 313 DE
630 259 732 315 BELLO
751 259 843 314 olvul

174 438 249 497 lama
264 435 489 515 percrebuerat:
510 435 627 514 pulsnm
642 435 745 512 fugere
762 435 916 496 Caesarem
931 452 1025 514 paene
1041 433 1182 494 omnibus
1200 452 1253 494 co-

175 522 231 601 piis
246 521 367 582 amissis.
397 520 477 580 Haec
492 519 600 579 itinera
614 519 720 580 infesta
736 520 918 594 reddiderat,
934 520 1008 580 haec
1024 518 1154 580 civitates
1171 538 1254 580 non·

138 618 152 667 t
176 607 270 668 nullas
286 605 322 666 ab
339 606 401 666 eius
417 604 543 665 amicitia
558 605 716 666 avertebat.
746 604 862 675 Quibus
877 605 983 666 accidit
994 604 1092 679 rebus,
1108 612 1141 665 ut
1155 604 1253 683 pluri-

174 691 231 752 bus
253 690 365 751 dimissi
386 689 543 751 itineribus
565 690 720 750 aCaesare
742 689 777 750 ad
792 690 953 751 Domitium
975 698 1005 750 et
1027 709 1043 749 a
1061 690 1191 751 Domitio
1215 689 1254 751 ad

138 789 154 837 6
176 776 330 836 Caesarem
353 774 433 835 nulla
455 775 571 835 ratione
589 775 645 835 iter
667 776 815 836 conficere
830 784 962 855 possent.
992 775 1049 837 Sed
1064 775 1253 856 Allobroges

176 861 299 921 Raucilli
314 868 402 939 atque
418 860 472 939 Egi
488 860 658 933 familiares,
681 880 757 939 quos
776 861 943 940 perfugisse
957 861 994 921 ad
1008 860 1184 940 Pompeium
1200 862 1254 922 de·

176 945 411 1020 monstravimus,
428 945 591 1026 conspicati
601 945 633 1006 in
643 945 750 1007 itinere
764 946 965 1026 exploratores
977 945 1104 1020 Domitii,
1119 965 1173 1006 seu
1189 946 1254 1026 pri·

176 1031 251 1092 stina
267 1050 320 1092 sua
337 1031 568 1105 consuetudine,
591 1031 671 1108 quod
685 1049 745 1091 una
760 1031 792 1091 in
808 1030 900 1092 Gallia
915 1031 990 1092 bella
1005 1039 1176 1110 gesserant,
1197 1050 1253 1092 seu

176 1117 268 1195 gloria
284 1117 350 1176 elati
366 1124 487 1190 cuncta,
510 1126 543 1176 ut
558 1126 643 1176 erant
657 1124 735 1191 acta,
753 1127 969 1196 exposuerunt,
991 1125 1020 1177 et
1035 1116 1166 1177 Caesaris
1181 1135 1254 1197 pro·

140 1215 154 1263 t
176 1201 344 1274 sectionem,
360 1201 516 1262 adventum
529 1200 651 1280 Pompei
663 1203 838 1267 docuerunt.
868 1203 891 1262 Α
904 1201 1014 1280 quibus
1024 1201 1170 1263 Domitius
1186 1220 1255 1262 cor·

176 1287 235 1347 tior
255 1285 350 1347 lac'tus
373 1286 418 1345 vix
433 1305 473 1345 rm
489 1286 630 1346 horarum
651 1287 746 1366 spatio
762 1287 942 1348 antecedens
957 1287 1085 1348 hostium
1104 1287 1254 1349 beneficio

176 1371 340 1451 periculum
356 1370 453 1431 vitavit
468 1379 497 1431 et
512 1372 547 1431 ad
562 1370 736 1450 Aeginium,
760 1370 838 1450 quod
862 1382 907 1434 est
922 1372 1062 1452 oppidum
1082 1372 1255 1452 oppositum

177 1457 352 1530 Thessaliae,
370 1455 485 1517 Caesari
499 1456 629 1516 venienti
646 1457 785 1517 occurrit.
1091 1528 1093 1532 p

261 1538 320 1605 80.
345 1541 510 1602 Coniuncto
526 1541 657 1602 exercitu
670 1542 776 1603 Caesar
788 1541 939 1622 Gomphos
953 1542 1097 1621 pervenit,
1114 1544 1194 1621 quod
1210 1553 1256 1604 est

178 1627 320 1707 oppidum
341 1627 471 1709 primum
493 1626 659 1687 Thessaliae
682 1627 870 1688 venientibus
892 1627 927 1687 ab
951 1626 1057 1705 Epiro;
1080 1645 1156 1706 quae
1179 1647 1256 1707 gens

177 1712 279 1791 paucis
295 1721 363 1773 ante
378 1711 530 1772 mensibus
545 1712 623 1772 ultro
639 1713 673 1774 ad
691 1712 844 1774 Caesarem
859 1713 972 1791 legatos
987 1712 1121 1787 miserat,
1143 1720 1177 1773 ut
1192 1713 1254 1774 suis

179 1796 320 1858 omnibus.
331 1796 520 1858 facultatibus
536 1805 681 1872 uteretur,
701 1798 939 1878 praesidiumque
955 1797 991 1858 ab
1007 1815 1041 1858 eo
1057 1797 1185 1858 militum
1200 1817 1255 1878 pe-

127 1882 160 1944 't'
178 1882 271 1942 tierat.
302 1882 361 1942 Sed
376 1902 411 1942 eo
427 1883 575 1942 lumniam
590 1892 810 1962 praecurrerat,
827 1900 914 1962 quam
931 1901 1022 1962 supra
1036 1883 1201 1959 docuimus,
1218 1884 1256 1945 de

142 1980 156 2028 3
178 1967 290 2047 proelio
306 1967 527 2047 Dyrrhachino,
552 1967 632 2046 quod
647 1968 746 2030 multis
764 1975 886 2028 auxerat
900 1968 1043 2048 partibus.
1073 1968 1177 2047 ltaque
1192 1969 1256 2030 hn-

178 2052 362 2126 drosthenes,
377 2062 498 2132 praetor
510 2052 685 2127 Thessaliae,
701 2072 770 2114 cnm
782 2072 813 2114 se
824 2052 962 2114 victoriae
976 2053 1097 2133 Pompei
1113 2054 1257 2115 comitem

177 2156 241 2198 esse
256 2136 355 2197 mallet
370 2155 459 2216 qnam
477 2137 591 2198 socium
609 2138 737 2199 Caesaris
752 2138 782 2199 in
801 2138 892 2200 rebus
914 2137 1058 2212 adversis,
1082 2157 1203 2200 omnem
1219 2157 1254 2200 ex

177 2221 254 2300 agris
266 2221 485 2283 multitudinem
495 2240 648 2283 servorum
664 2241 697 2283 ao
713 2223 875 2285 liberorum
886 2223 916 2284 in
930 2223 1070 2302 oppidum
1086 2224 1166 2302 cogit
1181 2243 1253 2304 por·

178 2315 280 2385 tasque
299 2305 462 2386 praecludit
477 2316 506 2367 et
521 2307 557 2367 ad
573 2307 743 2386 Scipionem
758 2308 991 2387 Pompeiumque
1015 2308 1137 2370 nuntios
1153 2309 1254 2383 mittit,

178 2439 689 2560 111111111111111
739 2427 1188 2575 itarital”aliturum
1211 2441 1254 2562 11

178 2577 347 2628 verbreiteten
357 2577 553 2629 ubertriehenen
563 2575 689 2629 Gerirchte
740 2577 789 2628 den
797 2576 913 2631 Peneios.
927 2576 954 2627 ln
965 2576 1009 2628 der
1015 2577 1087 2628 Nihe
1096 2593 1149 2630 von
1159 2548 1254 2631 de’ssen

178 2645 219 2696 die
243 2644 320 2697 Reda.
342 2673 377 2681 —
394 2648 538 2696 avertebat.
576 2645 689 2696 Beachte
741 2644 831 2705 Quelle
849 2645 893 2710 lag
909 2645 1054 2711 Aeginium.

179 2713 224 2764 das
236 2712 414 2780 Imperfectum
431 2713 497 2765 nach
514 2714 572 2766 dem
584 2729 690 2766 vorans·
749 2755 750 2758 ,
774 2712 821 2770 80.
835 2716 857 2765 1.
875 2715 1049 2776 uenientibus,
1067 2713 1111 2765 der
1122 2713 1207 2777 Dativ,
1220 2739 1256 2761 a

178 2780 712 2847 gegingenenreddiderat.Vgl.c.63,5.'
740 2781 781 2833 lur
807 2781 862 2845 die,
891 2783 990 2834 welche
1011 2797 1063 2834 von
1088 2781 1180 2849 Epirus
1207 2783 1254 2836 her

214 2855 237 2902 6.
256 2866 371 2914 01101-
390 2850 643 2902 demonstravimus:
667 2864 689 2900 c.
740 2849 869 2912 kommen,
888 2849 940 2902 di.
960 2865 1035 2903 wenn
1053 2866 1112 2902 man
1129 2866 1182 2903 von
1194 2850 1256 2918 Epi·

180 2920 211 2971 59
222 2933 246 2968 n.
257 2921 298 2971 60.
311 2947 344 2955 -
355 2934 401 2968 see
414 2921 534 2984 pristina
552 2922 690 2969 consueta-
740 2933 783 2969 rus
801 2917 907 2981 kommt.
942 2919 997 2972 Liv.
1014 2920 1054 2981 32,
1073 2922 1097 2984 4,
1117 2923 1144 2970 3:
1167 2918 1257 2972 Thea-

180 2986 242 3036 diae
260 3015 291 3023 -
309 3002 355 3036 sea
370 2986 462 3051 gloria
480 2987 553 3038 elati.
582 2984 608 3038 S.
622 3002 654 3037 zn
667 3001 689 3040 c.
740 2989 812 3038 maci
823 3005 840 3038 a
853 2987 927 3054 Pylio
938 3017 971 3024 —
979 3004 1032 3053 per
1040 2986 1165 3043 Lamiam
1178 2991 1256 3039 manti

134 3113 137 3119 ¹
180 3056 256 3116 tat.
273 3054 409 3118 —gloria
427 3056 506 3106 elati:
524 3058 578 3107 ‘aus
596 3053 691 3106 Ruhm-
741 3055 799 3107 laco
818 3056 872 3106 elta
890 3057 938 3105 siti
954 3059 1025 3106 ruat.

116 3123 118 3128 ’
180 3120 274 3184 sucht',
301 3121 363 3173 oder
387 3124 441 3174 ‘aus
463 3121 689 3188 Ruhnrredigkeit'.
776 3125 799 3175 2.
824 3123 1072 3189 maltir2partibm:
1099 3138 1142 3175 nm
1163 3123 1255 3187 vieles,

180 3186 240 3240 Tne.
258 3189 323 3241 Ann.
346 3192 367 3255 1,
386 3193 430 3243 43:
465 3206 525 3241 cem
550 3192 690 3255 militibus,
741 3207 761 3243 s.
781 3207 802 3242 c.
821 3193 863 3255 84,
882 3195 905 3244 3.
942 3191 992 3243 Cic.
1011 3191 1121 3242 odiam.
1141 3196 1163 3255 1,
1183 3193 1208 3257 2,
1228 3194 1257 3245 2:

181 3272 247 3320 quoe
264 3260 319 3306 iam
332 3259 424 3322 pudor
446 3263 472 3308 et
486 3260 577 3322 gloria
596 3262 689 3319 intrat,
737 3261 939 3324 perspiciebant
964 3262 1034 3309 enim
1060 3262 1090 3309 in
1116 3260 1257 3312 Hortensii

181 3323 231 3374 Cic.
245 3322 348 3376 Tuscnl.
364 3328 388 3390 2,
401 3329 441 3390 m,
455 3329 499 3378 65:
518 3342 603 3390 aeque
620 3328 691 3376 enim
741 3329 900 3378 sententiam
914 3327 1007 3378 maltis
1020 3330 1146 3394 pertidus
1160 3328 1258 3395 plures

179 3393 257 3443 illum
281 3391 415 3456 (dolorem)
441 3396 548 3444 ratiorm
575 3396 624 3444 aut
648 3410 691 3445 aa·
742 3397 836 3446 itm-ae.

176 3462 282 3526 pientia
295 3461 423 3526 tulerant,
440 3462 487 3512 sed
501 3462 590 3512 stadio
598 3463 692 3527 petiae
778 3465 800 3515 3.
812 3466 924 3528 praetor
938 3462 1097 3516 Thessaliae.
1116 3463 1162 3515 me
1175 3463 1258 3517 Thes·

181 3530 314 3594 etgioria,
326 3529 378 3581 und
387 3529 418 3581 de
428 3529 529 3596 harusp.
538 3545 606 3596 resp.
615 3532 691 3593 alt:
742 3529 819 3582 salier
845 3531 933 3583 hatten
960 3531 1016 3584 also
1043 3532 1110 3583 noch
1132 3533 1201 3597 jetzt
1230 3533 1257 3584 in

179 3597 691 3662 eimeeffemetaiiquandaadglmiam
742 3596 913 3666 Kriegslillen
940 3600 1015 3652 einen
1039 3599 1258 3666 gemeinschaftli-

180 3668 210 3715 in
222 3665 376 3726 refutandis
389 3665 537 3717 anaiedictie
554 3668 691 3717 hominum
743 3667 807 3718 chen
819 3666 955 3731 Anlirhrer,
973 3669 1023 3720 wie
1035 3668 1061 3718 in
1074 3668 1189 3721 lrirherer
1202 3669 1260 3722 Zeit

180 3735 691 3855 ‘'mt'ttttttttttttdththt:
743 3732 1260 3871 ttttlthhltlihh'tit·

181 3885 222 3921 sar
240 3885 294 3922 war
312 3870 392 3922 durch
412 3870 458 3922 das
475 3870 539 3923 Thal
559 3870 603 3924 des
621 3872 691 3925 Aoos
742 3866 828 3942 τηγό1.
864 3871 958 3924 hscon.
977 3888 1010 3923 zu
1023 3872 1072 3925 Cic.
1086 3844 1158 3927 Verr’.
1174 3876 1197 3937 1,
1209 3825 1259 3929 ll:

181 3937 385 4006 heranlgezogen
408 3938 458 3990 und
482 3939 602 4008 gelangte
626 3941 691 3992 nach
744 3941 851 3993 Veteres
875 3956 962 3992 omnes
982 3943 1175 4007 magistratus,
1200 3946 1263 4010 qai-
