2626 4416
552 242 591 297 lll.
609 245 719 298 tta-ta
1112 241 1173 301 225

100 419 201 500 peius,
224 425 258 479 ut
278 419 440 498 equitatum
462 437 550 480 suum
570 418 878 498 pulsumviditatque
894 426 1102 499 campartem,
1126 419 1174 482 cui

101 505 227 566 maxime
241 503 424 578 confidebat,
447 504 635 583 perterritam
656 505 788 564 animum
810 505 947 579 advertit,
968 506 1033 567 aliis
1054 525 1174 586 quoque

103 590 214 659 diffisus
228 589 290 650 acie
305 589 431 651 excessit
446 588 643 668 protinusque
659 607 691 649 se
705 590 736 649 in
753 597 849 650 castra
864 609 941 669 equo
957 591 1083 652 contulit
1098 599 1127 652 et
1142 592 1176 653 iis
1198 602 1213 650 a

100 674 343 749 centurionibus,
366 693 442 752 quos
457 674 487 733 in
509 673 636 734 statione
650 673 686 733 ad
701 675 880 752 praetoriam
894 684 1011 754 portam
1025 685 1173 756 posuerat,

99 845 267 922 diligenter,
282 844 307 905 si
319 843 389 925 quid
401 843 505 904 durius
516 843 664 904 acciderit.
693 843 757 922 Ego
768 843 898 922 reliquas
909 854 1009 924 portas
1024 847 1173 908 circumeo

100 940 132 990 et
142 939 308 990 castrorum
323 928 469 1008 praesidia
484 928 647 989 confirmo’.
677 928 757 989 Haec
774 947 842 989 cum
858 929 987 1000 dixisset,
1002 931 1077 992 sein
1090 951 1175 1011 prae·
1197 942 1212 991 ι
1258 953 1262 962 ¹
1297 982 1300 988 .

99 1013 210 1074 terium
231 1013 372 1086 contubt,
403 1032 535 1075 summae
562 1014 606 1074 rei
634 1013 770 1074 diflidens
793 1022 822 1075 et
842 1022 1102 1076 tamen-eventum
1124 1037 1174 1079 ex-

98 1107 248 1178 spectans.
1044 1154 1049 1161 ,

186 1179 245 1270 95,
262 1184 367 1245 Caesar
381 1183 570 1263 Pompeianis
580 1203 616 1244 er
630 1185 700 1263 fuga
714 1183 793 1244 intra
806 1183 916 1244 vallum
931 1185 1091 1264 compulsis
1107 1186 1174 1246 nul-

101 1268 163 1329 lum
184 1269 310 1349 spatium
332 1269 498 1348 perterritis
518 1270 588 1330 dare
603 1278 742 1348 oportere
757 1269 929 1330 existimans
943 1269 1049 1332 milites
1066 1272 1175 1331 cohor·
1246 1318 1249 1325 .

100 1362 178 1415 tatus
190 1363 243 1429 est,
259 1363 292 1415 ut
303 1354 449 1415 beneficio
461 1355 598 1415 fortunae
613 1363 771 1415 uterentur
786 1362 941 1434 castraque
956 1364 1174 1435 oppugnarent.

100 1438 177 1513 Qui,
207 1440 261 1502 etsi
283 1458 392 1519 magno
415 1448 498 1500 aestu
520 1441 600 1514 (nam
622 1441 657 1501 ad
680 1438 836 1499 meridiem
857 1458 905 1500 res
928 1450 990 1501 erat
1011 1443 1174 1520 perducta),

100 1533 199 1585 tamen
215 1525 251 1585 ad
273 1543 392 1585 omnem
407 1524 540 1585 laborem
555 1525 652 1585 animo
668 1522 762 1602 parati
777 1524 901 1603 imperio
916 1535 1091 1604 paruerunt.
1122 1526 1176 1587 Ca·
1198 1536 1212 1585 2

99 1617 163 1670 stra
176 1629 194 1670 a
209 1609 395 1682 cohortibus,
411 1628 487 1688 quae
502 1610 543 1670 ihi
560 1609 707 1688 praesidio
721 1617 807 1669 erant
820 1609 949 1683 relictae,
964 1610 1109 1672 industrie
1123 1611 1175 1671 de·

101 1694 309 1769 tendebantur,
325 1695 419 1755 multo
435 1695 521 1755 etiam
536 1694 633 1756 acrius
645 1714 661 1755 a
672 1693 837 1755 Thracibus
847 1693 1041 1774 barbarisque
1051 1695 1174 1756 auxiliis.

101 1779 175 1840 Nam
187 1781 238 1858 qui
253 1780 314 1840 acie
330 1781 502 1858 refugerant
516 1780 633 1854 milites,
649 1788 678 1840 et
689 1780 788 1839 animo
804 1779 953 1858 perterriti
964 1788 994 1840 et
1004 1780 1175 1841 lassitudine
1197 1791 1211 1839 3

102 1866 240 1939 confecti,
251 1865 348 1926 missis
359 1865 494 1945 plerique
505 1865 594 1926 armis
604 1865 756 1944 signisque
767 1864 942 1926 militaribus
952 1866 1046 1944 magis
1056 1867 1093 1926 dc
1104 1865 1174 1926 reli-

101 1969 161 2029 qua
175 1951 245 2030 fuga
259 1969 347 2028 quam
362 1950 398 2011 de
412 1959 578 2012 castrorum
593 1950 767 2011 defensione
782 1949 960 2026 cogitabant.
989 1950 1092 2028 Neque
1106 1969 1176 2011 vero
1197 1961 1212 2012 t

99 2035 220 2109 diutius
236 2035 287 2114 qui
302 2035 333 2096 in
345 2036 419 2096 vallo
435 2036 638 2109 constiterant,
652 2034 872 2095 multitudinem
886 2034 1011 2095 telorum
1028 2035 1175 2096 sustinere

101 2128 279 2200 potuerunt,
302 2121 352 2181 sed
375 2121 503 2183 confecti
517 2121 690 2182 vulneribus
711 2120 810 2181 locum
825 2119 1010 2198 reliquerunt
1024 2121 1175 2200 protinus-

101 2224 160 2284 que
176 2225 280 2266 omnes
302 2205 426 2268 ducibus
440 2207 486 2269 usi
501 2206 729 2278 centurionibus
742 2205 930 2285 tribunisque
945 2205 1071 2266 militurn
1086 2206 1117 2267 in
1132 2206 1174 2266 al-

101 2290 231 2352 tissimos
245 2300 372 2366 montes,
388 2293 440 2371 qui
453 2292 488 2352 ad
505 2300 601 2353 castra
615 2289 816 2372 pertinebant,
831 2292 1040 2371 confugerunt.

187 2372 246 2441 96.
269 2376 303 2436 ln
327 2377 431 2439 castris
445 2377 568 2457 Pompei
581 2377 687 2439 -videre
701 2376 784 2436 licuit
798 2375 929 2438 trichilas
949 2385 1090 2451 structas,
1112 2396 1175 2437 ma-

103 2492 174 2544 nicht
190 2493 334 2545 aunehmen
351 2493 452 2558 mhfste,
470 2493 525 2546 dale
538 2494 615 2545 Gisar
666 2492 827 2559 Bedeutung,
840 2494 890 2544 wie
902 2493 965 2557 hier,
977 2492 1004 2543 in
1016 2492 1073 2544 dem
1086 2491 1177 2544 darauf

104 2559 159 2611 hier
187 2560 235 2610 mit
260 2562 330 2612 einer
358 2561 487 2626 gewissen
514 2560 616 2626 Genug-
665 2559 813 2626 folgenden
826 2561 914 2612 seinen
932 2559 1175 2626 gutenGrundhat.

104 2627 204 2692 thuung
215 2626 261 2679 das
272 2627 400 2680 Zutreffen
419 2629 503 2680 seiner
518 2628 615 2693 klugen
666 2627 776 2678 Summa
791 2631 834 2678 rei
844 2627 933 2680 vaurde
951 2628 1019 2679 sein:
1038 2626 1080 2678 dle
1097 2626 1176 2679 letnte

104 2693 274 2760 Berechnung
290 2695 467 2747 hervorheben
484 2696 557 2760 will]
666 2694 872 2760 Entscheidung,
907 2694 952 2747 der
979 2697 1103 2761 Ausgang
1132 2695 1176 2748 der

139 2767 162 2815 5.
181 2765 226 2814 cui
236 2765 353 2814 mammo
370 2763 533 2826 confidebat:
550 2779 570 2816 s.
584 2779 616 2815 zu
668 2762 764 2828 Sache,
789 2763 834 2815 des
852 2762 986 2829 Kampfes‚
1008 2779 1112 2814 summa
1133 2780 1176 2813 res

106 2835 128 2894 l,
150 2833 189 2894 12,
208 2833 223 2883 2
241 2848 266 2883 u.
285 2834 326 2893 42,
346 2833 369 2884 3.
667 2830 919 2884 ‘dieSacheaufden
930 2830 1098 2898 Gipfelpunlrt
1109 2831 1176 2883 ihrer

138 2902 162 2952 6.
188 2903 356 2966 praetorium
378 2903 496 2965 portam.
531 2897 557 2951 S.
583 2915 616 2950 zu
666 2898 858 2966 Entscheidung
881 2899 1026 2966 gettiebem
1052 2898 1177 2960 diffidere

104 2970 146 3032 69,
155 2969 180 3020 2.
190 2996 224 3006 —
234 2969 376 3033 circumeo,
388 2967 527 3030 confimo.
545 2966 615 3018 Ganz
666 2982 785 3018 summae
798 2971 854 3018 rof:
872 2967 942 3019 nicht
954 2966 1048 3029 helien,
1067 2966 1122 3018 dafs
1134 2966 1176 3018 die

104 3051 133 3088 so
151 3035 282 3089 hrauchen
299 3037 365 3089 auch
382 3037 431 3087 wir
447 3035 493 3088 das
505 3035 615 3087 Priscus
667 3034 763 3098 Sache,
778 3035 852 3114 jetzt
872 3034 917 3087 auf
933 3034 982 3086 den
1000 3033 1087 3087 Punlrt
1108 3034 1177 3087 ihrer
1274 3040 1280 3052 '

102 3120 154 3156 ron
167 3104 237 3156 einer
249 3104 330 3158 solort
342 3104 518 3156 eintretenden
531 3102 616 3155 Hand·
664 3102 857 3170 Entscherduog
879 3103 1004 3166 erhoben,
1031 3103 1089 3155 eine
1112 3108 1178 3169 gha-

104 3172 168 3238 lung
184 3173 225 3224 fur
242 3173 288 3226 das
305 3173 437 3226 Futurum.
666 3169 994 3238 stigeWendungnebmen
1004 3170 1175 3224 werde’lleld.

139 3243 163 3292 l.
181 3243 403 3308 inpraetoriom:
422 3240 448 3294 S.
461 3258 492 3293 zu
505 3244 579 3304 l‚'ld,
592 3243 614 3292 l.
710 3238 779 3290 Uber
801 3239 842 3291 die
864 3239 992 3306 hlagliche
1015 3239 1106 3291 Flucht
1131 3240 1176 3293 des

104 3333 140 3344 -
151 3323 269 3359 summae
285 3313 341 3360 rei.-
364 3310 398 3362 lls
415 3309 484 3361 kann
502 3308 616 3361 zweilel·
666 3307 804 3375 Pompeius
813 3307 1085 3375 vgl.Plut.Pomp.'12.
1105 3308 1176 3361 Caes.

106 3373 162 3425 halt
180 3376 248 3438 sein,
267 3377 300 3427 oh
318 3376 363 3429 der
379 3376 528 3430 Nominativ
544 3394 615 3429 sam-
666 3381 707 3430 45.
735 3376 802 3443 App.
821 3379 845 3441 2,
862 3379 904 3429 81.

104 3458 149 3493 ma
166 3459 209 3493 res
232 3443 294 3495 oder
310 3460 413 3495 mmma
434 3449 476 3496 rei
492 3446 541 3510 ist,
563 3445 616 3497 wie
699 3443 747 3499 95.
761 3447 785 3497 2.
804 3462 821 3496 a
836 3443 982 3496 Thracibus
994 3447 1176 3510 barbarisque.

107 3513 615 3578 1,67‚5:sommoooeorettos,1‚82,3:
666 3513 740 3564 Auch
758 3512 798 3564 die
817 3511 938 3565 Thracier
955 3527 1041 3564 waren
1060 3515 1176 3563 barbaro

105 3595 209 3631 mmma
220 3581 359 3631 victoriae.
385 3579 530 3632 DalsGisar
543 3582 617 3631 sonet
667 3581 790 3631 cumdio:
815 3581 865 3633 wie
883 3582 938 3633 also
957 3596 988 3632 zu
1006 3579 1176 3631 ubersetzent

102 3663 208 3699 summa
219 3664 311 3698 rerum
323 3650 388 3714 sagt,
400 3648 617 3713 beweistwenig-
701 3650 725 3700 3.
743 3652 809 3700 octe.
843 3649 870 3700 S.
888 3665 921 3700 zu
939 3665 960 3700 c.
979 3650 1020 3709 29,
1042 3652 1062 3698 l.

106 3718 177 3767 stens
189 3716 274 3768 nichts
290 3730 373 3783 gagen
386 3715 431 3767 das
443 3715 566 3781 Letztere‚
584 3715 616 3766 da
701 3720 725 3769 4.
744 3719 773 3767 in
790 3717 934 3767 olassfmos
944 3719 1055 3778 montes,
1073 3713 1114 3766 die
1125 3716 1177 3767 An·

106 3781 151 3834 der
167 3783 253 3836 Plural
270 3799 362 3835 rerum
379 3800 402 3835 z.
410 3783 440 3836 B.
453 3800 474 3836 c.
485 3788 552 3849 51,4
564 3781 616 3835 und
667 3784 752 3836 hdlren
770 3800 822 3836 von
839 3785 960 3836 Krannon
977 3780 1030 3834 und
1042 3781 1176 3836 Skotussa.

106 3848 136 3901 B.
154 3851 183 3905 G.
201 3856 226 3917 6,
244 3855 311 3917 11‚3
329 3852 405 3904 einen
423 3868 486 3920 ganz
505 3851 616 3904 anderen
701 3850 748 3907 96.
760 3853 1055 3905 ttriobila==aromia
1062 3849 1177 3912 frondea

108 3916 178 3984 Sinn,
191 3920 242 3972 und
252 3921 318 3974 oben
330 3922 473 3986 1‚21,6bei
485 3919 617 3973 iihnlicher
665 3918 741 3980 faeta
754 3937 815 3972 caen
829 3919 894 3972 Ovid
902 3919 971 3973 Fast.
981 3923 1005 3984 3,
1015 3921 1076 3972 528:
1095 3919 1177 3971 haub-

157 4009 226 4056 ctsar
241 4013 268 4056 ll.
295 4015 314 4057 8.
329 4015 384 4058 tull.
940 4007 972 4057 15
