2626 4416
157 237 199 299 56
557 235 599 289 ΒΕ
617 235 722 297 BELLO
738 236 831 297 (llVlLl
865 191 870 201 ¹

119 422 134 472 a
156 413 368 474 remansissent.
382 413 478 490 etqui
492 412 523 472 in
539 411 644 472 castris
659 410 789 472 Caesaris
803 409 937 469 luissent.
968 407 1017 468 Sic
1031 408 1164 471 triduum
1173 410 1236 473 dis·

156 497 361 577 putationibus
372 496 671 574 excusationibusque
683 494 856 555 extrahitur.
871 493 1023 555 Subicitur
1035 494 1122 555 etiam
1129 494 1163 555 L.
1171 495 1236 557 Me-

157 582 253 657 tellus,
269 581 409 642 tribunus
424 581 528 659 plebis,
544 581 579 641 ab
594 580 721 640 inimicis
733 578 873 651 Caesaris,
889 578 941 656 qui
955 577 1033 639 hanc
1046 596 1112 640 rem
1125 579 1235 641 distre·

119 677 135 726 4
156 668 207 728 hat
218 668 470 745 reliquasqueres,
481 683 682 743 quascumque
694 682 782 742 agere
792 663 963 737 instituerit,
971 663 1119 743 impediat.
1142 664 1236 725 Cuius

157 753 279 830 cognito
295 751 419 812 consilio
433 749 539 811 Caesar
553 751 663 810 frustra
676 748 782 809 diebus
797 748 910 826 aliquot
923 749 1118 827 consumptis,
1134 767 1173 810 ne
1184 767 1234 811 re·

155 836 271 914 liquum
286 844 403 914 tempus
418 835 547 907 amittat,
570 833 688 894 infectis
703 833 752 906 lie,
774 852 850 911 quae
865 850 953 912 agere
967 833 1179 909 destinaverat,
1195 833 1234 895 ab

156 919 232 982 urbe
247 920 446 999 proficiscitur
460 928 549 997 atque
564 919 595 978 in
611 918 783 979 ulteriorem
798 917 920 979 Galliam
934 919 1081 996 pervenit.
1210 932 1214 937 ·

242 1001 301 1069 84.
325 1005 391 1076 Quo
414 1023 482 1065 cum
496 1003 643 1077 venisset,
664 1003 820 1081 cognoscit
840 1003 964 1064 missum
983 1003 1013 1063 in
1028 1003 1235 1082 Hispaniama

156 1090 297 1168 Pompeio
321 1089 481 1150 Vibullium
503 1089 629 1156 Rufum,
652 1105 741 1166 quem
763 1088 866 1165 paucis
888 1096 957 1148 ante
978 1087 1082 1148 diebus
1103 1087 1234 1149 Corfinio

26 1185 37 1200 ⁶
120 1182 135 1232 2
157 1184 278 1253 captum
290 1175 353 1252 ipse
364 1174 531 1248 dimiserat;
547 1174 714 1251 profectum
729 1172 799 1232 item
811 1172 972 1233 Domitium
983 1173 1019 1232 ad
1030 1172 1236 1252 occupandam

156 1259 314 1321 Massiliam
336 1258 460 1318 navibus
481 1257 619 1318 actuariis
641 1266 771 1336 septem,
797 1275 871 1335 quas
886 1256 950 1336 lgili
972 1266 1003 1317 et
1023 1258 1054 1317 in
1077 1256 1194 1319 Cosam
1216 1277 1235 1319 e

119 1354 134 1402 3
155 1343 276 1423 privatis
292 1351 409 1403 coactas
423 1343 529 1416 servis,
551 1342 682 1416 libertis,
706 1341 819 1403 colonis
834 1342 896 1403 suis
911 1342 1123 1421 compleverat;
1146 1360 1235 1424 pree·

156 1428 262 1489 missos
278 1428 366 1489 etiam
385 1427 497 1506 legatos
511 1427 708 1489 Massilienses
722 1427 859 1500 domum,
882 1427 998 1488 nobiles
1019 1427 1236 1501 adulescentes,

157 1531 233 1591 quos
247 1512 283 1573 ab
298 1513 374 1573 urbe
391 1513 547 1574 discedens
562 1512 720 1591 Pompeius
735 1520 799 1572 erat
813 1512 999 1587 adhortatus,
1016 1530 1054 1572 ne
1070 1530 1147 1573 nova
1162 1512 1236 1575 Cae·

157 1598 231 1659 saris
246 1599 341 1658 officia
356 1606 489 1659 vetemm
502 1616 626 1658 suornm
641 1597 856 1657 heneficiomm
878 1597 908 1656 in
924 1616 976 1659 eos
992 1598 1166 1658 memoriam
1181 1616 1236 1659 ex·

118 1693 134 1743 4
155 1683 311 1762 pellerent.
341 1682 456 1753 Quibus
478 1683 622 1744 mandatis
645 1682 774 1762 acceptis
788 1682 985 1744 Massilienses
999 1691 1102 1760 portas
1117 1682 1236 1744 Caesari

155 1768 340 1842 clauserant;
354 1767 483 1843 Albicos,
498 1766 642 1828 barbaros
652 1767 797 1841 homines,
813 1767 907 1846 quiin
920 1767 1235 1846 eorumlideantiqui·

190 1886 214 1935 3.
237 1882 477 1947 disputationibus:
503 1883 580 1935 durch
607 1883 668 1935 llin-
719 1883 796 1950 dung.
810 1881 835 1935 S.
846 1898 877 1935 zu
888 1885 912 1948 3,
922 1884 963 1946 22,
976 1882 1171 1944 l.-Corfinlo
1179 1898 1235 1935 von

154 1950 206 2003 und
236 1949 375 2015 llerreden,
408 1951 604 2018 Ereirterungen.
633 1980 667 1991 -
719 1952 860 2002 dimiserat
881 1950 1022 2016 ebhingig,
1049 1950 1140 2016 gewils
1162 1951 1235 2003 nieht

153 2020 294 2079 subicitur,
318 2017 383 2068 wird
407 2019 553 2085 angostebi,
576 2035 667 2086 vorge-
719 2019 761 2071 hir
779 2017 899 2080 Corfinii.
928 2018 1179 2083 llbens02,28,1:
1198 2021 1236 2070 le-

155 2085 276 2137 schohen.
310 2084 344 2135 Er
365 2085 455 2138 wollle
474 2087 550 2138 Giisar
566 2088 667 2140 verhin-
715 2090 819 2152 giorum,
850 2103 917 2151 quos
947 2085 1066 2148 Corfinio
1095 2091 1236 2153 receperat

154 2152 226 2216 dero,
239 2152 285 2203 des
297 2152 428 2204 Aerarium
442 2169 473 2205 zu
486 2153 608 2219 criticen,
621 2170 667 2208 eus
720 2154 832 2216 Caesam
844 2157 867 2216 3,
880 2156 936 2218 105,
948 2157 973 2206 1:
987 2158 1112 2205 conulwn
1123 2170 1235 2222 essepe·

153 2220 281 2271 welchem
304 2219 388 2271 dieser
410 2223 477 2274 4135
500 2221 584 2274 Pluod
602 2222 667 2274 Gold
719 2225 814 2272 eunias
832 2223 925 2272 tollere
941 2222 1055 2288 Epheso.

154 2287 335 2351 undecuma
360 2287 444 2340 Plond
469 2289 553 2341 Silher
575 2293 668 2356 (gegen
753 2293 777 2342 2.
796 2290 961 2340 Domitium:
989 2305 1011 2341 c.
1029 2293 1071 2341 33.
1100 2317 1132 2328 -
1155 2290 1233 2355 lgils'.

154 2357 187 2408 69
201 2354 334 2407 Millionen
352 2353 416 2420 er.)
433 2358 562 2409 entnahm.
597 2357 667 2410 Uber
718 2355 837 2408 Genitive
861 2371 912 2408 von
929 2357 1089 2410 loselnamen
1112 2357 1164 2409 wie
1178 2372 1233 2410 von

154 2422 195 2475 die
219 2423 375 2489 ungfinstige
394 2422 537 2492 Stimmuog
558 2424 585 2477 in
602 2425 666 2478 Rom
717 2423 1230 2491 StidlenamenheiGisarnocb3,1lll,l

153 2490 206 2556 vgl.
218 2490 269 2542 llic.
282 2491 314 2542 ad
326 2492 379 2543 Ait.
395 2495 434 2558 10,
447 2496 472 2558 1,
485 2495 513 2546 8:
527 2510 585 2544 essm
596 2493 668 2558 (Gae-
720 2492 810 2560 cypri,
830 2495 853 2553 3,
872 2496 895 2554 7,
911 2494 922 2543 1
942 2492 995 2544 und
1012 2495 1036 2557 8,
1056 2496 1071 2546 3
1089 2494 1232 2562 Corcyrae,

154 2562 246 2622 serem)
260 2562 459 2628 perturbatum,
477 2562 551 2628 quod
563 2562 667 2612 intelle·
717 2563 742 2623 3,
763 2562 819 2623 102,
838 2563 853 2610 ‘l
872 2558 968 2611 ltlodi.
984 2588 1018 2599 -
1036 2563 1138 2612 colonis
1161 2561 1233 2613 nicht

151 2631 237 2693 geret,
250 2644 279 2678 se
288 2629 363 2693 opud
376 2630 463 2693 ipsum
467 2631 572 2694 plebem
585 2631 667 2693 offen·
718 2628 812 2690 ‘Lente
838 2627 920 2679 denen
942 2642 970 2679 er
991 2643 1043 2679 von
1061 2628 1232 2681 4414411134-

153 2695 222 2745 disse
233 2696 271 2746 de
289 2700 448 2747 aerario:
464 2700 557 2762 itaque
569 2700 594 2747 ei
606 2713 666 2748 curn
717 2695 819 2747 dereien
838 2695 872 2746 im
892 2694 1063 2747 Cosanischen
1088 2696 1231 2762 geschenltl

154 2765 329 2814 certissimum
339 2763 667 2830 fuieeel,uutequumpro-
717 2763 804 2830 halte’,
822 2764 932 2816 sondero
945 2763 1076 2818 ‘Paenterz
1099 2764 1157 2817 Hor.
1175 2763 1231 2817 Sal.

151 2830 325 2892 fieisceretur,
338 2834 490 2882 contionem
502 2833 606 2893 habere,
619 2847 667 2882 ou·
717 2833 742 2896 2,
755 2832 778 2895 3,
793 2835 854 2885 114:
873 2833 964 2883 videas
979 2834 1078 2881 metato
1094 2834 1125 2882 in
1143 2832 1231 2898 agello

152 2914 211 2949 sum
251 2914 306 2949 non
342 2915 409 2960 esse,
450 2901 668 2966 celemsmlerque
716 2898 862 2959 -fortem
872 2899 992 2950 mercede
1008 2898 1133 2950 colonum
1145 2899 1232 2964 (Gelu-

152 2983 242 3086 ddlldd
255 2968 486 3085 bgezsiprlaoituzt·
503 2965 666 3098 ddfdebzudb
717 2966 902 3095 mdfaolt’lddi:
914 3033 1005 3086 comni
1025 3032 1231 3100 heitemllienst·

150 3101 288 3150 nihilnisi
300 3104 385 3152 utros
406 3107 432 3152 et
447 3105 668 3165 sueeumeogitot
716 3100 812 3152 leislun
831 3115 870 3153 en.
897 3101 986 3153 Worin
1024 3103 1095 3154 “sare
1111 3119 1136 3154 n.
1155 3101 1231 3154 Pom—

151 3172 232 3232 atque
254 3171 335 3218 etium
359 3170 497 3234 loquitur5
518 3171 606 3219 iratus
628 3186 667 3219 se
717 3169 797 3235 peius'
839 3168 965 3221 erdienste
987 3184 1030 3221 um
1048 3169 1164 3222 Massilia
1185 3170 1230 3222 he

151 3237 231 3285 nutui
256 3237 339 3293 cciii:
368 3238 410 3286 liis
432 3239 668 3303 intercessionibus
717 3236 816 3298 slehen,
834 3251 854 3289 s.
869 3252 890 3288 c.
904 3239 945 3300 35,
957 3240 982 3289 4.
996 3266 1027 3275 —
1040 3238 1230 3300 beneficiorum

149 3302 232 3367 plures
249 3305 379 3353 incitatus
396 3307 442 3355 est.
715 3307 747 3354 in
773 3319 832 3353 eos.-
858 3304 1038 3357 unmitlelhere
1062 3305 1230 3372 Verbindung

186 3373 211 3421 4.
229 3373 259 3420 in
276 3370 434 3422 ulteriorem
447 3369 562 3421 Gallium
572 3388 666 3437 perce·
716 3371 811 3423 zweier
825 3371 992 3424 Substantiva
1007 3373 1087 3425 durch
1099 3374 1156 3426 eine
1168 3373 1229 3426 Pri-

151 3439 200 3488 nit.
236 3435 285 3488 hm
302 3437 412 3503 holong>
429 3437 475 3489 des
492 3437 565 3504 April
588 3439 665 3492 reisle
716 3439 837 3506 position.
850 3438 1229 3506 S.t‚eu‚1;3‚9o,1;t‚at‚2;

151 3519 179 3557 er
196 3505 259 3557 hber
271 3504 412 3557 Ariminum
434 3505 499 3558 nach
512 3507 561 3558 den
573 3507 664 3577 Alpen.
716 3509 740 3570 1,
754 3509 795 3573 30,
808 3510 837 3569 2;
854 3507 882 3560 B.
896 3507 925 3560 G.
938 3513 962 3573 4,
975 3512 1017 3573 33,
1031 3512 1056 3570 1;
1070 3513 1094 3574 5,
1106 3513 1147 3572 54,
1160 3511 1184 3563 3.
1195 3536 1229 3549 -

151 3573 202 3625 Cic.
221 3572 253 3625 ed
270 3573 323 3624 Ati.
345 3576 384 3636 10,
403 3573 456 3626 ess.
715 3591 782 3642 quos
793 3581 854 3626 erat
864 3576 1034 3639 adhortatus,
1051 3593 1085 3627 ne
1099 3575 1229 3639 officia

183 3639 231 3696 ei.
259 3644 282 3693 1.
310 3642 419 3692 missum
444 3645 475 3692 ic
498 3643 663 3708 Hispaniam.
714 3646 871 3695 numerium
887 3647 1056 3712 expellerent,
1074 3644 1126 3697 wie
1142 3645 1228 3711 gleich

151 3708 176 3762 S.
187 3725 209 3762 c.
220 3711 261 3774 38,
273 3711 300 3768 1;
313 3711 337 3774 3,
349 3712 422 3773 10,1.
440 3709 581 3763 ledenlells
591 3711 664 3763 hatte
715 3711 858 3766 nachberc.
866 3716 927 3778 35,1
939 3731 963 3765 u.
976 3712 1005 3765 B.
1013 3712 1042 3764 G.
1049 3717 1073 3776 1,
1082 3716 1105 3776 e,
1115 3716 1143 3766 2:
1157 3715 1230 3765 hunc

150 3777 205 3828 sich
214 3775 345 3828 Vibullius
356 3781 387 3840 (c.
399 3781 438 3843 15,
448 3782 474 3841 4)
483 3778 529 3831 aul
537 3777 664 3831 derReise
713 3785 810 3843 monet,
833 3785 866 3831 ut
888 3783 1021 3846 spreites
1036 3778 1230 3846 pervagentur.

72 3880 86 3893 ,
149 3843 252 3895 dorthin
265 3845 291 3895 in
304 3842 418 3898 Massilia
429 3846 602 3913 autgehalten,
620 3846 663 3898 de·
748 3850 773 3900 4.
791 3850 822 3897 in
845 3864 938 3900 eorum
960 3847 1013 3910 fide
1035 3854 1128 3899 erant:
1153 3852 1230 3902 unter

148 3911 195 3963 ber
206 3911 261 3963 hier
274 3911 315 3964 die
327 3912 490 3980 Erwihnung
505 3915 588 3967 dieser
599 3913 663 3966 Seo-
714 3915 794 3968 ihrem
812 3912 924 3969 Scholze
945 3915 1062 3981 stenden,
1084 3917 1149 3968 nach
1168 3916 1228 3969 trel-
