2626 4416
531 262 570 317 m.
588 266 698 318 ss-sr.
1090 262 1151 322 221
1173 225 1176 232 ⁵

78 456 193 500 summa
209 444 271 497 erat
285 437 399 497 milium
414 451 488 513 xxu3
509 438 647 500 cohortes
663 457 683 497 11
699 439 802 500 castris
821 439 969 520 praesidio
983 440 1153 518 reliquerat.

81 523 208 583 Sinistro
220 541 314 582 cornu
326 522 497 595 Antonium,
515 522 618 583 dextro
630 523 662 583 P.
675 524 795 598 Sullam,
807 525 902 585 media
914 525 976 586 acie
988 524 1041 586 Cn.
1055 524 1154 585 Domi·

80 609 155 669 tium
169 616 390 687 praeposuerat.
428 607 495 686 lpse
511 616 615 668 contra
631 608 806 686 Pompeium
821 610 963 671 constitit.
1001 609 1095 671 Simul
1109 609 1155 669 his
1176 623 1190 670 3

80 693 170 754 rebus
183 692 402 767 animadversis,
420 710 494 770 quas
509 692 788 768 demonstravimus,
804 694 921 768 timens,
937 714 976 755 ne
991 712 1008 754 a
1023 695 1155 756 multitu·

80 779 149 839 dine
165 779 297 856 equitum
313 778 449 838 dextrum
464 795 560 837 cornu
575 778 852 854 circumveniretur,
868 780 1005 841 celeriter
1020 799 1056 841 ex
1070 780 1157 840 tertia

80 864 143 924 acie
155 864 286 942 singulas
297 862 436 922 cohortes
448 862 574 923 detraxit
586 871 674 941 atque
685 882 720 923 ex
731 863 777 924 his
788 874 922 942 quartam
934 865 1061 927 instituit
1072 865 1156 944 equi·

82 948 215 1027 tatuique
231 947 371 1026 opposuit
386 955 430 1022 et,
452 949 522 1026 quid
538 949 602 1008 fieri
624 948 726 1021 vellet,
751 950 879 1010 ostendit
901 950 1077 1029 monuitque
1093 950 1156 1011 eius

82 1033 140 1093 diei
152 1031 303 1092 victoriam
318 1032 348 1091 in
362 1050 462 1094 earum
478 1034 644 1094 cohortium
657 1033 765 1094 virtute
777 1042 924 1095 constare.
948 1035 1042 1095 Simul
1053 1034 1156 1094 tertiae
1179 1049 1193 1098 4

83 1118 156 1178 aciei
171 1117 285 1196 totique
301 1117 443 1178 exercitui
458 1118 620 1198 imperarit,
637 1137 675 1179 ne
691 1118 806 1180 iniussu
821 1139 875 1180 suo
891 1127 1100 1193 concurreret3
1116 1138 1156 1190 se,

83 1221 152 1262 cum
166 1203 195 1262 id
210 1203 274 1262 lieri
289 1202 383 1275 vehet,
398 1203 502 1263 vexillo
518 1204 636 1282 signum
651 1204 798 1265 daturum.

168 1283 225 1351 90.
248 1287 418 1348 Exercitum
434 1306 501 1349 cum
516 1289 634 1349 militari
649 1308 733 1351 more
748 1291 784 1349 ad
799 1307 930 1370 pugnam
953 1291 1159 1350 cohortaretur

84 1391 196 1451 suaque
218 1373 249 1432 in
273 1392 341 1433 eum
363 1374 499 1453 perpetui
522 1375 664 1454 temporis
683 1375 779 1435 officia
794 1376 991 1454 praedicaret,
1015 1373 1159 1455 imprimis

84 1459 339 1518 commemoravit:
363 1458 501 1520 Testibus
523 1479 555 1520 se
577 1459 720 1520 mihtibus
741 1459 785 1520 uti
803 1478 905 1538 posse,
929 1469 1040 1538 quanto
1062 1459 1158 1520 studio
1181 1472 1195 1520 2

83 1561 186 1622 pacem
202 1543 338 1621 petisset3
356 1561 430 1621 quae
445 1562 499 1622 per
511 1544 659 1604 Vatinium
670 1545 701 1604 in
714 1544 878 1622 colloquiis,
894 1563 969 1623 quae
980 1563 1034 1623 per
1045 1544 1078 1603 A.
1091 1543 1158 1605 Clo-

84 1628 165 1689 dium
180 1646 248 1687 cum
260 1627 401 1706 Scipione
416 1629 531 1707 egisset,
548 1629 765 1707 quibusmodis
781 1631 816 1689 ad
828 1629 950 1691 Oricum
965 1647 1033 1691 cum
1045 1628 1159 1688 Libone

85 1714 121 1774 de
136 1712 286 1774 mittendis
308 1713 410 1791 legatis
425 1715 635 1776 contendisset.
664 1715 767 1793 Neque
782 1734 814 1776 se
830 1733 971 1793 umquam
988 1713 1069 1775 abuti
1083 1713 1160 1772 mili·
1182 1725 1195 1774 a

87 1807 149 1858 tum
163 1799 308 1877 sanguine
324 1817 422 1876 neque
437 1799 652 1879 rempublicam
667 1800 810 1860 alterutro
826 1800 958 1860 exercitu
979 1801 1094 1880 privare
1108 1817 1160 1859 vc-

80 1883 183 1944 luisse.
227 1883 290 1943 Hac
317 1883 414 1943 habita
443 1884 576 1945 oratione
599 1885 829 1964 exposcentibus
850 1885 991 1946 militibus
1013 1893 1042 1944 et
1063 1884 1161 1945 studio
1182 1897 1198 1948 t

86 1987 204 2047 pugnae
220 1967 391 2029 ardentibus
406 1969 476 2029 tuba
492 1969 610 2048 signum
626 1970 713 2030 dedit.

171 2049 229 2116 91.
246 2053 317 2113 Erat
332 2053 482 2115 Crastinus
497 2062 633 2116 evocatus
648 2055 677 2115 in
694 2056 826 2115 exercitu
845 2055 990 2128 Caesaris,
1008 2054 1058 2133 qui
1073 2072 1162 2132 supe-

86 2138 165 2198 riore
187 2157 267 2198 anno
290 2139 366 2218 apud
390 2157 457 2200 eum
479 2141 609 2218 primum
631 2140 724 2219 pilum
741 2141 770 2200 in
793 2140 910 2218 legione
925 2159 943 2199 x
959 2141 1097 2213 duxerat,
1119 2138 1163 2198 vir

88 2305 129 2358 die
141 2306 217 2358 Cdsar
229 2306 271 2358 bei
281 2305 417 2358 Pharsalus
431 2307 457 2358 in
468 2306 601 2359 Schlacht-
650 2307 687 2359 ua
705 2323 756 2360 nun
774 2309 897 2373 singulas
909 2308 1030 2358 cohorter
1042 2306 1165 2358 detraatt

89 2373 205 2441 ordnung
216 2374 295 2440 hatte,
314 2374 356 2426 die
368 2373 506 2427 Nummern
518 2392 569 2427 ron
584 2380 599 2430 6
652 2376 723 2427 nieht
734 2376 804 2428 wohl
817 2381 900 2428 etwas
916 2374 1024 2427 anderes
1036 2374 1164 2426 bedenten

88 2443 155 2494 noch
167 2458 199 2495 zu
217 2443 356 2504 ermitteln;
375 2457 403 2494 es
415 2458 502 2496 waren
520 2443 563 2496 die
574 2458 600 2494 vr
652 2443 729 2507 kann,
747 2445 798 2496 als:
817 2460 844 2495 er
861 2443 981 2495 entnahm
994 2442 1052 2494 dem
1070 2442 1165 2494 dritten

90 2508 130 2572 (B.
141 2510 167 2561 C.
178 2513 202 2574 3,
217 2515 276 2572 luth
290 2511 319 2563 Β.
330 2511 465 2576 nlexce),
478 2527 601 2578 vm‚1x,x
653 2511 755 2563 Treffen
784 2512 854 2563 einer
880 2511 959 2574 jeden
985 2511 1081 2576 Legion
1108 2511 1165 2562 eine

91 2581 122 2639 (c.
136 2578 188 2640 89),
205 2592 230 2628 xx
241 2595 267 2629 u.
279 2578 322 2629 die
334 2593 368 2628 xu
386 2580 418 2640 (c.
432 2582 483 2644 34).
501 2609 541 2630 -—.
552 2583 601 2631 mt-
653 2579 779 2642 Kohorte,
802 2595 831 2631 so
849 2579 884 2630 ist
902 2578 1092 2640 anaunehmen‚
1110 2577 1166 2629 dass

91 2646 157 2695 hum
174 2644 257 2695 XXII.
290 2644 410 2697 Dieselbe
427 2647 533 2712 Angabe
556 2648 602 2699 hat
656 2646 701 2698 der
709 2650 821 2698 neunten
831 2646 882 2698 und
893 2646 1096 2713 achtenhegion,
1106 2644 1166 2697 weil

91 2712 158 2763 Plut.
177 2711 249 2764 Caes.
267 2715 309 2765 42.
333 2712 422 2779 Pomp.
440 2717 481 2767 69.
498 2714 565 2782 App.
578 2717 603 2779 2,
654 2715 692 2766 sie
702 2731 733 2766 zu
744 2715 802 2765 sehr
812 2714 977 2780 geschwbcht
987 2729 1080 2777 waren,
1090 2713 1166 2764 lmine

93 2782 133 2831 lh.
161 2778 275 2845 Orosll,
296 2784 326 2833 15
349 2780 394 2832 hat
417 2780 603 2833 saltabunt
655 2783 786 2834 llohorten
804 2787 930 2849 entzogen
953 2781 1017 2834 sind.
1053 2783 1166 2833 Frontis.

91 2850 180 2898 antuus
196 2847 271 2899 XXX
285 2849 370 2900 milia.
388 2878 422 2886 -
439 2851 467 2900 P.
486 2850 604 2902 Sullam:
655 2853 679 2914 2,
693 2853 716 2913 3,
729 2853 775 2902 22:
795 2850 849 2901 soe
862 2851 1002 2912 (cohortes)
1020 2850 1116 2901 deutra
1130 2850 1167 2901 lu·

93 2932 115 2967 o.
128 2920 169 2977 51,
186 2920 249 2968 l.-
263 2916 603 2981 Cu.Domitium.·c.'19,l.
655 2924 711 2969 tere
729 2934 909 2970 conuersas
930 2922 965 2969 in
984 2919 1166 2983 obliquum,

92 3013 125 3022 -·
144 2983 261 3036 Sinistra
280 3001 366 3036 cornu
383 2987 523 3038 -media
546 2989 604 3037 acie
654 2987 725 3037 uude
742 2989 890 3051 equitatum
903 2989 1019 3039 borbum
1033 2989 1168 3052 suspecta-

88 3059 292 3120 praeposuerat,
310 3053 414 3105 absolut
429 3077 464 3097 =
480 3055 551 3106 hatte
568 3055 604 3106 im
655 3057 709 3116 bat,
727 3054 875 3108 collocavit.

94 3121 212 3174 Centrum
239 3137 298 3174 zum
323 3121 452 3174 Anldhrsr
478 3123 604 3190 gemacht,
691 3125 714 3174 4.
732 3123 849 3174 camillo:
870 3125 918 3176 mit
935 3125 1005 3176 einer
1022 3138 1168 3190 pnrpurnen

94 3204 158 3254 ganz
177 3190 226 3242 wie
245 3206 266 3242 c.
281 3193 363 3254 12,1;
382 3193 421 3241 ut
432 3196 563 3258 praeerat
578 3207 604 3243 u.
656 3191 743 3243 Fahne
767 3191 850 3258 ward,
874 3194 924 3244 wie
949 3193 989 3245 bei
1006 3191 1106 3258 Beginn
1125 3192 1169 3244 der

95 3258 175 3318 28,2;
194 3258 265 3309 Lissi
277 3264 414 3324 praeerat.
427 3289 460 3298 -
473 3261 605 3328 Ipsecoa-
658 3259 793 3324 Schlacht,
829 3275 858 3313 so
888 3261 943 3313 hier
971 3261 1093 3313 wthrend
1124 3259 1169 3311 des

96 3326 139 3374 tra
159 3324 246 3390 Pomp.
265 3331 397 3394 comttttt,
415 3329 470 3381 also
489 3329 535 3381 aul
546 3330 605 3382 dem
657 3328 779 3396 Kamples
808 3328 853 3381 das
877 3329 966 3397 Signal
992 3345 1049 3382 zum
1071 3325 1173 3393 Angriff

95 3391 200 3442 rechten
227 3393 330 3460 Fh‘rgel,
359 3395 416 3447 dem
443 3397 531 3449 linhen
560 3397 606 3450 des
658 3397 787 3450 einzelnen
809 3397 1070 3463 lleeresabteilungen
1094 3409 1170 3462 gege-

96 3457 236 3526 Pompejus
253 3464 408 3527 gegenbber,
425 3464 465 3516 bei
484 3465 529 3517 der
545 3481 606 3517 rom
657 3466 716 3518 ben.

96 3526 240 3593 gallischsn
266 3528 357 3595 llriege
386 3529 431 3581 her
456 3532 606 3585 bewihrtsn
692 3533 741 3587 llll.
761 3537 783 3585 1.
795 3548 896 3598 suaque
908 3536 937 3583 ta
949 3549 1009 3584 aum
1022 3532 1123 3595 officia.
1143 3529 1169 3582 S.

97 3595 207 3648 zehnten
224 3594 334 3662 legion,
361 3595 402 3648 die
424 3614 452 3650 er
473 3599 539 3664 hier,
563 3617 605 3652 wo
658 3618 690 3653 zu
710 3604 732 3664 1,
746 3603 787 3663 at,
801 3602 823 3653 3.
843 3600 872 3651 Β.
885 3599 914 3654 C.
928 3605 951 3666 5,
965 3605 1006 3665 54,
1018 3604 1042 3653 2.
1060 3629 1093 3637 -
1107 3615 1170 3665 per·

97 3664 142 3716 der
168 3663 279 3716 stdrhste
301 3663 405 3730 Angriff
424 3682 456 3717 zu
480 3671 607 3720 erwarten
653 3670 732 3735 patui
753 3671 893 3734 tempests:
919 3671 942 3732 1,
960 3671 984 3731 l,
1005 3671 1030 3720 1:
1052 3670 1170 3718 omnium

98 3746 159 3794 wer,
178 3731 327 3797 autgestellt
344 3733 421 3785 hatte.
448 3747 452 3755 ·
658 3740 806 3803 temporum
823 3736 941 3787 iniurias
957 3738 1138 3786 inimicorum.

80 3848 83 3853 .
133 3803 156 3852 3.
179 3817 213 3850 ca
231 3802 313 3852 tertia
336 3803 395 3852 acic
411 3803 534 3867 singulas
551 3803 608 3853 coh.
693 3807 716 3856 2.
731 3821 783 3870 per·
802 3807 954 3858 Vatinium:
972 3820 993 3855 c.
1015 3807 1054 3868 19,
1073 3806 1100 3864 23
1121 3821 1171 3870 per

100 3868 228 3919 detraxit.
264 3867 334 3923 Nach
356 3884 378 3922 c.
397 3871 443 3932 93,
462 3873 478 3922 4
500 3868 609 3920 bestand
661 3871 795 3923 Clodium.-
813 3876 924 3935 c.tl,1;
942 3888 1001 3924 eum
1014 3872 1129 3924 Libone:
1148 3889 1170 3924 c.

99 3934 608 3991 diescsviertel'reffenausttllohorten.
662 3943 692 3992 16
710 3955 736 3992 u.
755 3944 795 3992 17.
