2626 4416
550 225 589 280 ΙΙΙ.
607 229 717 283 63-65.
1114 223 1176 286 199

188 395 246 463 64.
263 398 326 458 lloc
337 397 464 458 tumultu
479 400 615 461 nuntiato
627 399 814 461 Marcellinus
825 402 963 463 cohortes
977 401 1107 463 subsidio
1121 423 1176 464 no-

102 485 172 545 stris
183 482 384 544 laborantibus
395 483 550 544 summittit
561 502 597 561 ex
609 485 728 559 castris3
744 503 819 563 quae
831 485 978 564 fugientes
989 487 1177 566 conspicatae

105 587 201 647 neque
223 568 288 629 illos
309 587 363 629 suo
387 569 514 629 adventu
537 570 713 629 confirmare
728 578 892 648 potueruut
907 589 1004 649 neque
1026 572 1106 650 ipsae
1120 572 1175 631 ho·

104 654 191 715 stium
213 653 355 732 impetum
377 654 518 714 tulerunt.
556 654 659 731 ltaque
681 655 888 733 quodcumque
903 655 1065 716 addebatur
1079 655 1176 718 subsi-
1198 666 1213 716 2

103 739 160 814 dio,
175 738 203 799 id
216 747 391 818 corruptum
400 739 507 799 timore
517 738 696 818 fugientium
709 747 855 800 terrorem
866 749 896 799 et
906 741 1071 820 periculum
1085 760 1176 819 auge-

101 823 166 898 bat;
190 824 345 884 hominum
367 823 448 884 enim
469 824 656 885 multitudine
678 834 815 904 receptus
830 825 1052 904 impediebatur.
1089 825 1123 885 ln
1141 845 1176 887 eo
1198 835 1213 884 3

100 908 216 988 proelio
231 927 299 969 cum
315 909 394 987 gravi
409 909 531 970 vulnere
546 919 623 971 esset
637 910 760 970 allectus
774 909 910 987 aquilifer
924 919 953 970 et
967 929 983 970 a
997 911 1108 971 viribus
1123 912 1175 971 de·

101 995 250 1068 liceretur,
263 994 451 1073 conspicatus
462 995 577 1072 equites
589 1003 717 1066 nostros,
730 995 823 1061 ‘Hanc
835 994 911 1073 ego',
926 994 1032 1073 inquit,
1044 999 1083 1055 ‘et
1094 996 1175 1056 vivus

101 1079 211 1139 multos
221 1098 275 1159 per
285 1098 382 1140 annos
392 1098 499 1158 magna
510 1079 660 1158 diligentia
672 1079 789 1140 defendi
797 1087 826 1140 et
838 1086 920 1140 nunc
931 1080 1060 1140 moriens
1071 1080 1174 1141 eadem

101 1165 159 1225 ilde
175 1163 291 1226 Caesari
306 1165 438 1225 restituo.
469 1164 578 1236 Nolite,
595 1164 741 1238 obsecro,¹
752 1165 951 1237 committere,
967 1165 1045 1243 quod
1060 1173 1128 1225 ante
1144 1165 1175 1226 in
1198 1176 1213 1227 4

100 1250 233 1311 exercitu
248 1249 379 1310 Caesaris
394 1269 456 1311 non
471 1249 586 1322 accidit,
602 1259 635 1309 ut
645 1250 688 1310 rei
703 1249 837 1311 militaris
853 1250 981 1311 dedecus
994 1249 1175 1324 admittatur,

100 1334 340 1412 incolumemque
363 1335 398 1395 ad
420 1354 488 1396 eum
510 1334 640 1396 deferte'.
683 1334 747 1395 Hoc
770 1354 840 1396 casu
862 1336 959 1414 aquila
983 1344 1176 1397 conservatur

101 1420 240 1481 omnibus
262 1420 374 1498 primae
389 1420 520 1480 cohortis
534 1419 760 1481 centurionibus
781 1420 943 1481 interiectis
959 1429 1075 1498 praeter
1088 1422 1174 1501 prin·

99 1505 197 1584 cipem
211 1504 351 1583 priorem.

187 1586 245 1652 65.
261 1589 381 1667 lamque
396 1589 568 1668 Pompeiani
578 1607 683 1668 magna
695 1590 785 1650 caede
797 1597 968 1650 nostrorum
983 1589 1085 1651 castris
1097 1590 1174 1650 Mar·

102 1674 201 1734 collini
223 1674 503 1754 appropinquabant
518 1694 578 1734 non
594 1674 737 1734 mediocri
754 1682 869 1734 terrore
884 1673 963 1734 illato
985 1673 1108 1752 reliquis
1123 1694 1175 1735 co·

102 1759 246 1833 hortibus,
259 1768 288 1819 et
299 1759 337 1820 M.
347 1759 504 1833 Antonius,
516 1759 566 1837 qui
577 1758 745 1839 proximum
756 1759 854 1819 locum
866 1759 1080 1837 praesidiorum
1090 1767 1176 1821 tene·
1198 1770 1212 1818 2

101 1844 160 1918 bat,
173 1863 206 1905 ea
213 1864 246 1905 re
254 1845 388 1906 nuntiata
399 1863 467 1906 curn
479 1844 651 1905 cohortibus
658 1862 698 1904 xu
706 1844 890 1905 descendens
902 1843 1010 1904 exloco
1020 1844 1174 1924 superiore

102 1930 288 1990 cernebatur.
320 1929 409 1990 Cuius
430 1929 573 1989 adventus
588 1929 784 2008 Pompeianos
800 1929 974 2008 compressit
996 1937 1175 2008 nostrosque

102 2015 240 2089 firmavit,
264 2023 296 2075 ut
311 2033 343 2075 se
358 2034 393 2074 ex
407 2014 534 2074 maximo
549 2014 654 2074 timore
670 2013 853 2092 colligerent.
882 2014 985 2092 Neque
1000 2015 1093 2074 multo
1109 2023 1176 2094 post
1196 2024 1210 2072 3

101 2099 208 2161 Caesar
229 2100 443 2178 significatione
465 2117 519 2180 per
541 2099 660 2160 castella
675 2099 757 2159 lumo
772 2099 862 2173 lacta,
885 2108 918 2158 ut
933 2108 995 2160 erat
1012 2100 1173 2179 superioris

100 2185 242 2264 temporis
253 2186 446 2258 consuetudo,
458 2183 591 2270 deductis
602 2184 779 2263 quibusdam
790 2184 963 2246 cohortibus
974 2205 1010 2246 ex
1021 2185 1174 2263 praesidiis

101 2271 205 2331 eodem
220 2270 308 2331 venit.
339 2270 397 2342 Qui
412 2270 531 2349 cognito
546 2270 725 2331 detrimento
741 2287 809 2329 cum
824 2269 1076 2331 animadvertisset
1087 2271 1174 2330 Pom·
1196 2279 1211 2331 t

100 2355 201 2436 peium
216 2365 297 2417 extra
312 2356 495 2417 munitiones
510 2374 661 2436 egressum
677 2356 841 2416 secundum
856 2373 953 2428 mare,
969 2364 1001 2417 ut
1015 2355 1108 2416 libere
1122 2374 1174 2434 pa·

136 2470 220 2526 (34.1.
238 2472 546 2539 tumrultu=repentino
564 2474 611 2526 int-
662 2490 678 2523 a
701 2489 731 2522 re
754 2471 937 2533 frumentaria
960 2473 1122 2524 laborabant
1141 2486 1173 2522 zu

101 2544 171 2604 petu.
662 2539 833 2605 vergleichen.

135 2608 159 2657 2.
181 2607 364 2672 quodcumque
386 2608 535 2658 addebatur
551 2611 611 2658 eud-
696 2610 720 2659 4.
740 2612 850 2674 praeter
869 2610 1020 2672 padncipem
1037 2607 1174 2670 patorem:

100 2675 183 2724 sidio:
209 2673 503 2741 jede'nachgeschickte
521 2674 611 2728 Unter-
662 2673 689 2728 S.
708 2691 740 2726 zu
760 2679 783 2740 1,
801 2678 843 2737 46,
862 2678 879 2726 4
895 2673 947 2724 und
967 2677 989 2725 5.

102 2743 232 2807 stutzung.
695 2741 785 2798 (15.1.
811 2743 925 2806 reliquie
942 2742 1109 2805 cohor-tibur,
1132 2740 1173 2792 die

136 2814 160 2863 3.
182 2827 199 2860 a
222 2811 325 2859 viribus
347 2808 511 2870 deficeretur.
552 2808 611 2860 Man
662 2811 698 2863 im
720 2809 801 2876 hager
823 2807 1055 2873 auruckgeblieben
1077 2824 1173 2860 waren.

99 2882 159 2944 sagt
174 2881 245 2928 vires
261 2894 303 2928 me
321 2877 450 2939 deficiunt
466 2878 506 2929 die
523 2877 611 2930 lli-'alte
697 2879 894 2944 haumarum:
904 2876 1010 2928 hieltsie
1020 2875 1072 2940 aul,
1082 2891 1174 2942 awang

100 2945 231 2998 verlassen
249 2945 324 3007 mich,
343 2945 394 2996 wie
412 2961 433 2998 c.
449 2948 491 3011 99,
503 2948 527 3007 4,
545 2946 611 2997 auch
663 2946 700 2997 sie
718 2944 777 2996 llalt
794 2960 824 2997 zu
844 2944 958 2997 macheu.
974 2974 1008 2982 —
1020 2961 1047 2994 sc
1066 2944 1174 3008 collige·

99 3017 203 3066 viribus
214 3014 334 3077 άεήσῐον,
352 3013 402 3065 wie
415 3013 465 3065 Cic.
476 3029 500 3081 p.
511 3013 611 3066 Cluent.
663 3017 740 3064 rent:
760 3017 782 3078 l,
803 3017 842 3076 14,
861 3018 884 3066 4.

100 3084 215 3149 65‚183:
234 3084 332 3134 multer
348 3082 470 3133 abundat
486 3083 611 3143 audead,
698 3083 721 3133 3.
736 3097 787 3147 per
805 3081 929 3132 castella:
956 3095 1007 3133 von
1025 3079 1124 3132 Kastell
1141 3096 1172 3131 zu

100 3153 213 3204 consilio
232 3157 257 3202 et
272 3153 380 3202 ratione
394 3151 528 3215 deficitur,
546 3150 612 3202 auch
663 3148 768 3201 Kastell.

100 3220 195 3282 deficio
213 3222 311 3282 animo,
329 3219 372 3271 ich
385 3219 472 3272 werde
490 3219 611 3271 schwach
696 3221 720 3270 4.
747 3222 826 3268 entra
851 3219 1014 3267 nanneticam
1039 3232 1173 3281 egressum

100 3288 127 3336 iu
138 3287 278 3352 Ansehung
290 3288 335 3340 des
347 3286 424 3355 uuts,
442 3288 529 3340 werde
544 3291 612 3340 mut·
662 3287 807 3337 secundum
825 3302 906 3336 mare.
936 3283 1020 3336 Wenn
1038 3284 1173 3337 auchdem

99 3354 149 3416 los,
168 3353 217 3404 wie
235 3354 306 3406 Caes.
320 3355 349 3408 B.
362 3355 392 3408 G.
404 3360 429 3421 t,
442 3360 484 3420 30,
505 3361 526 3417 1,
545 3356 610 3408 auch
662 3354 822 3421 Vordringen
846 3353 924 3406 durch
949 3352 994 3404 das
1017 3352 1172 3405 Erecheinen

100 3421 196 3483 deficio
214 3420 291 3473 allelu
308 3423 356 3472 mit
368 3421 541 3490 Ausslassung
558 3439 610 3477 von
661 3422 707 3475 des
718 3422 845 3474 Antonius
864 3423 905 3473 ein
921 3421 975 3472 Ziel
993 3425 1093 3487 gesetzt
1110 3436 1173 3484 war,

101 3491 204 3540 viribus
213 3488 274 3540 oder
282 3492 382 3551 animo,
393 3491 435 3542 ich
444 3490 530 3543 werde
539 3495 610 3554 matt,
661 3506 690 3542 so
702 3489 772 3542 blieb
785 3490 851 3542 doch
864 3490 905 3542 die
921 3489 1045 3542 aulserste
1057 3489 1173 3541 Schanze

100 3556 210 3620 mutlos,
228 3556 279 3608 wie
297 3556 369 3608 Caes,
386 3557 416 3608 Β.
434 3557 460 3608 G.
479 3561 503 3622 2,
522 3561 562 3619 31,
582 3562 609 3618 8;
662 3573 702 3611 am
713 3556 798 3610 Meere
816 3560 841 3609 in
858 3558 906 3611 den
919 3558 1023 3611 ll'anden
1042 3557 1087 3609 der
1098 3557 1174 3608 Porn-

101 3629 124 3690 3,
143 3628 167 3691 2,
186 3629 209 3678 3.
244 3624 365 3686 Deficior
387 3642 403 3676 a
426 3627 529 3676 viribus
550 3625 611 3677 aber
661 3625 765 3690 peianer
787 3626 840 3677 und
861 3626 904 3677 die
921 3626 992 3689 Lipie
1010 3641 1065 3677 war
1082 3624 1173 3675 durch·

100 3694 166 3746 habe
185 3693 226 3744 ich
243 3696 316 3745 sonet
336 3691 456 3758 nirgends
474 3691 610 3756 gerunden.
660 3691 786 3753 brochen;
816 3693 955 3759 Pompeius
985 3693 1082 3744 konnte
1109 3691 1172 3755 also,

100 3762 134 3814 Es
152 3763 186 3813 ist
203 3760 336 3814 entweder
353 3761 400 3811 mit
412 3759 462 3812 Gic.
476 3760 507 3811 ad
519 3760 573 3812 Att.
586 3765 610 3824 3,
661 3775 716 3812 was
734 3777 761 3812 er
778 3762 887 3813 erstrebt
905 3761 975 3812 hatte
992 3764 1024 3823 (c.
1035 3762 1076 3821 58,
1087 3762 1173 3824 3-5),

103 3834 142 3895 lb,
159 3832 186 3882 2:
204 3834 237 3880 ut
252 3845 307 3880 non
324 3829 402 3880 modo
419 3845 436 3879 a
454 3832 539 3878 menta
556 3844 611 3878 non
661 3827 830 3894 ungehinden
857 3829 1031 3894 scutagieren‚
1059 3826 1118 3878 weil
1146 3842 1173 3878 er

101 3898 210 3949 dorem
222 3896 284 3950 oder
296 3897 341 3949 mit
355 3897 427 3949 Caes.
436 3895 465 3949 B.
476 3895 502 3949 G.
513 3898 536 3958 3,
545 3898 570 3961 9,
580 3899 608 3948 5:
662 3896 807 3949 aulserhalb
825 3896 870 3949 der
887 3897 957 3948 hinie
975 3910 1042 3961 war,
1059 3893 1112 3945 und
1131 3894 1172 3947 die
