2626 4416
540 241 578 299 lll»
596 244 706 295 71—73.

1096 238 1157 301 205

86 429 145 478 tur.
176 416 241 478 Non
254 415 295 476 illi
306 415 483 495 paucitatem
493 423 664 476 nostrorum
680 415 815 486 militum,
831 433 893 475 non
909 415 1094 494 iniquitatem
1105 416 1162 476 loci
1183 424 1198 473 2

45 496 47 499 ’
87 513 176 580 atque
192 501 340 580 angustias
354 501 577 581 praeoccupatis
592 500 694 561 castris
708 509 739 560 et
748 499 908 579 ancipitem
923 509 1069 562 terrorem
1082 501 1161 563 intra

89 599 229 666 extraque
249 586 446 658 munitiones,
469 605 531 646 non
553 585 701 647 abscismn
722 585 752 646 in
775 586 848 646 duas
869 595 969 666 partes
990 587 1160 661 exercitum,

89 691 157 734 cum
172 673 263 732 altera
279 671 363 732 alteri
378 670 518 730 auxilium
532 672 611 731 serre
624 689 685 731 non
700 679 809 750 posset,
824 689 929 732 causae
944 671 1034 734 fuisse
1049 673 1161 752 cogita·

88 758 170 818 bant.
199 757 266 818 Non
279 757 314 816 ad
329 757 402 816 haec
413 755 569 829 addebant,
588 774 649 817 non
666 773 814 816 concursu
826 756 886 816 acri
897 758 984 832 laeto,
1000 777 1061 819 non
1073 777 1162 839 proe-
1182 772 1198 819 3

89 844 127 904 lio
149 842 336 915 dimicatum,
358 841 474 919 sibique
495 841 575 919 ipsos
596 840 783 901 multitudine
806 848 893 919 atque
908 843 1052 920 angustiis
1068 844 1162 905 maius

87 928 220 989 attulisse
235 927 461 1001 detrimentum,
485 945 573 1005 quam
589 926 625 986 ab
639 925 725 986 hoste
740 926 937 1005 accepissent,
956 945 1018 986 non
1034 929 1162 1008 denique
1184 942 1199 991 4

89 1012 258 1075 communis
272 1011 342 1072 belli
357 1030 442 1072 casus
457 1011 705 1084 recordabantur,
728 1029 816 1089 quam
831 1011 970 1091 parvulae
989 1031 1076 1090 saepe
1091 1032 1163 1074 cau·

89 1118 138 1160 sae
153 1098 199 1159 vel
213 1097 303 1159 falsae
324 1096 501 1176 suspicionis
515 1096 560 1156 vel
576 1096 698 1157 terroris
714 1096 862 1174 repentini
878 1097 923 1158 vel
941 1096 1073 1158 obiectae
1095 1098 1163 1158 reli·

90 1183 187 1262 gionis
202 1201 309 1262 magna
323 1182 497 1243 detrimenta
512 1181 696 1255 intulissent,
720 1181 857 1259 quotiens
878 1182 924 1242 vel
938 1182 1022 1242 ducis
1035 1183 1104 1243 vitio
1119 1183 1165 1243 rel

91 1268 178 1348 culpa
191 1268 304 1328 tribuni
315 1268 346 1328 in
359 1267 490 1328 exercitu
506 1276 582 1329 esset
597 1267 759 1342 offensum3
775 1267 825 1327 sed
838 1267 965 1347 proinde
976 1268 1046 1328 acsi
1059 1268 1163 1328 virtute

90 1353 230 1415 vicissent
245 1372 344 1432 neque
358 1352 416 1413 ulla
439 1352 629 1414 commutatio
645 1370 744 1413 rerum
759 1362 859 1431 posset
873 1352 1022 1427 accidere,
1044 1371 1100 1433 per
1115 1372 1163 1414 or-

90 1439 159 1499 bem
173 1449 321 1500 terrarum
336 1439 413 1498 lama
424 1456 458 1498 ac
469 1438 574 1499 litteris
588 1437 739 1497 victoriam
754 1437 817 1498 eius
832 1437 890 1498 diei
905 1438 1164 1499 concelebrabunt.

176 1520 233 1587 73.
264 1523 369 1584 Caesar
390 1542 406 1583 a
427 1521 632 1602 superioribus
653 1521 784 1583 consiliis
805 1522 945 1602 depulsus
967 1542 1086 1584 omnem
1108 1523 1164 1584 sibi

92 1609 330 1668 commutandam
351 1607 420 1668 belli
442 1608 589 1668 rationem
611 1607 792 1668 existimavit.
828 1608 930 1686 ltaque
950 1626 1009 1669 uno
1031 1618 1164 1688 tempore

91 1692 245 1774 praesidiis
267 1692 405 1754 omnihus
425 1693 558 1754 deductis
572 1704 602 1754 et
620 1692 842 1773 oppugnatione
864 1693 981 1753 dimissa
1002 1703 1164 1771 coactoque

92 1779 123 1838 in
136 1797 230 1839 unum
245 1779 345 1838 locum
357 1778 489 1838 exercitu
504 1779 674 1840 contionem
686 1779 764 1857 apud
778 1778 885 1839 milites
900 1777 1003 1837 habuit
1016 1778 1164 1839 hortatus-

92 1882 151 1942 que
167 1874 224 1937 est,
241 1882 337 1937 neca,
353 1881 429 1941 quae
445 1863 629 1938 accidissent,
644 1863 771 1942 graviter
785 1866 912 1934 ferrent,
928 1881 1002 1923 neve
1018 1863 1062 1924 his
1076 1865 1166 1924 rebus
1188 1876 1202 1925 2

92 1958 279 2008 terrerentur
293 1948 452 2026 multisque
466 1949 605 2009 secundis
616 1947 737 2026 proeliis
747 1966 842 2007 unrun
853 1949 1007 2009 adversum
1023 1957 1052 2008 et
1062 1948 1092 2008 id
1103 1967 1165 2009 me·
1188 2009 1190 2013 s

94 2033 193 2094 diocre
211 2042 409 2113 opponerent.
446 2033 617 2094 Habendam
640 2034 777 2093 fortunae
798 2033 937 2111 gratiam,
961 2034 1041 2111 quod
1055 2034 1166 2094 ltaliam
1188 2047 1203 2095 3

94 2119 158 2180 sine
174 2119 272 2197 aliquo
288 2119 410 2179 vulnere
426 2118 588 2198 cepissent,
612 2119 690 2198 quod
714 2119 786 2178 duas
801 2117 957 2198 Hispanias
979 2118 1165 2180 bellicosissi-

129 2289 154 2340 3.
168 2286 350 2338 multitudine.
370 2284 417 2337 bie
429 2285 491 2338 Zahl
504 2286 549 2338 der
561 2287 607 2338 ce-

96 2357 209 2407 sariauer
235 2369 290 2405 war
316 2368 386 2404 zwar
412 2355 446 2405 im
470 2353 606 2421 Vergleich

95 2425 143 2475 mit
160 2423 208 2475 den
226 2421 413 2489 Pompeianern
431 2423 529 2489 gering,
548 2424 608 2475 aber

96 2507 128 2542 zu
152 2491 221 2556 grols
243 2491 284 2542 fur
308 2490 357 2559 den
379 2490 473 2557 Ranm,
500 2507 542 2543 wo
569 2491 607 2544 sie

96 2559 219 2623 kimplen
236 2559 355 2610 mulsteo.

131 2630 156 2677 l.
181 2627 312 2691 parvulae
335 2641 433 2676 caueae
458 2627 500 2677 nel
521 2625 609 2686 falsae

97 2695 265 2758 eraspic‘c'om's.
301 2692 404 2744 Geoitiv
428 2693 472 2744 der
495 2693 606 2744 naheren

98 2760 288 2825 Restirnmung:
307 2760 393 2812 ldeine
406 2759 544 2824 Ursacben,
557 2761 607 2813 wie

98 2829 197 2880 lalsche
210 2827 369 2894 Vermntung
381 2844 405 2879 u.
418 2844 438 2880 s.
452 2844 484 2879 w.
504 2827 562 2893 vgl.
576 2845 608 2879 zu

99 2901 123 2955 2,
142 2899 182 2963 16,
201 2900 225 2949 3.
251 2925 286 2934 ·-
310 2898 427 2948 obiectae
452 2898 608 2961 religionis:

98 2967 141 3018 ein
164 2969 277 3031 erregtes
301 2963 434 3029 religioses
459 2964 521 3016 oder
538 2964 610 3016 aber·

98 3034 262 3099 glinbisches
280 3031 433 3098 Bedenken,
451 3032 530 3084 durch
548 3031 610 3084 Pro-

98 3103 194 3168 digien,
206 3101 337 3167 Augurien
350 3101 412 3152 oder
424 3101 540 3166 sonstige
549 3099 613 3152 Ver·

99 3172 279 3237 anlassungen,
292 3170 343 3221 wie
352 3185 374 3220 z.
383 3168 413 3220 B.
423 3167 452 3221 Β.
463 3168 491 3221 G.
503 3174 526 3234 d,
534 3172 611 3233 3'l‚6:

96 3241 220 3304 plerique
236 3255 321 3290 novae
338 3240 390 3289 ribi
407 3255 442 3289 ee
460 3237 612 3289 loeorelt'·

98 3309 194 3370 glebae
202 3306 318 3371 fingunt.
329 3335 361 3344 -
372 3307 515 3369 offensum:
525 3322 546 3357 c.
557 3309 580 3370 8,
587 3309 611 3358 2.

134 3370 178 3427 78.
190 3376 212 3426 1.
222 3391 239 3424 a
248 3377 430 3438 reperientes
439 3377 559 3426 corrodite
568 3375 612 3425 de·

99 3440 201 3507 pulses.
232 3441 307 3492 cesar
324 3442 443 3494 verhehlt
459 3443 500 3495 die
512 3442 611 3494 Beden-

102 3518 168 3574 tung
177 3509 228 3560 und
239 3507 280 3560 die
290 3510 505 3562 entscheidenden
514 3510 611 3575 Folgen

102 3577 186 3629 seiner
197 3575 350 3642 Niederluge
368 3578 446 3630 nicht.
464 3577 550 3630 ‘Nicht
563 3593 611 3629 nnr

101 3644 612 3712 hatteCisardieemplindliehstenVer·

101 3713 170 3764 lnste
188 3712 290 3764 erlitten
308 3712 360 3767 nod
382 3714 453 3766 scine
470 3713 613 3766 Verscban·

102 3796 212 3846 nungen,
230 3781 275 3833 das
287 3780 405 3832 Resultat
422 3782 492 3833 einer
503 3782 612 3834 viermo·

102 3849 231 3901 natlichen
256 3848 447 3915 Riesenarbeit‚
470 3849 515 3901 aul
537 3850 612 3902 einen

103 3915 197 3984 Schlag
220 3916 377 3983 eingebrilsl:
406 3933 432 3970 er
455 3933 510 3969 war
533 3917 612 3969 durch

657 2284 730 2337 seine
751 2285 846 2338 letzteo
865 2283 987 2338 Gelechte
1005 2286 1101 2339 wieder
1123 2301 1167 2352 ge·

657 2368 708 2404 nau
720 2354 766 2404 aul
776 2353 825 2405 den
834 2351 921 2405 Pnnkt
929 2353 1167 2420 zurr‘rckgeworlen,

657 2436 709 2473 von
722 2422 847 2475 welchern
865 2437 893 2473 er
910 2437 1091 2488 ausgegangen
1106 2437 1167 2474 war.

658 2488 1167 2554 -GdsarsverwegenesUnternehmen,

659 2572 740 2623 gegen
754 2558 829 2610 einen
846 2558 1044 2623 seemichtigen,
1063 2559 1109 2609 aul
1125 2558 1167 2610 die

659 2625 744 2677 Flotte
754 2629 899 2690 gestdtzten
909 2625 988 2677 Feind
998 2627 1065 2678 ohne
1075 2624 1169 2677 Schiffe

659 2690 768 2744 offensiv
793 2709 826 2743 zu
851 2694 996 2759 operieren,
1026 2710 1080 2747 war
1105 2693 1170 2746 voll-

659 2761 762 2826 staindig
779 2760 941 2826 gescheitert.
971 2762 1025 2814 Aul
1043 2762 1100 2814 dem
1118 2762 1170 2814 bis·

660 2828 764 2894 herigeri
791 2827 1031 2896 llriegsschauplatz
1057 2830 1118 2883 land
1144 2846 1171 2881 er

660 2897 716 2949 sich
733 2896 804 2949 einer
820 2897 1060 2963 unbezwinglichen
1072 2897 1170 2950 Vertei-

661 2964 886 3030 digungsstellung
899 2968 1044 3032 gegennber
1056 2966 1108 3018 nod
1125 2982 1172 3017 un-

663 3031 735 3098 lahig
764 3031 851 3101 weder
885 3048 967 3100 gegen
997 3034 1171 3102 Dyrrhachion

663 3100 730 3151 noch
756 3115 839 3166 gegeo
870 3101 915 3153 das
944 3102 1081 3155 leindliche
1107 3103 1172 3155 Heer

661 3169 739 3220 einen
757 3168 912 3221 emstlichen
925 3168 1019 3235 Schlag
1036 3172 1173 3224 ausznluh-

662 3252 715 3288 ren.
733 3265 767 3274 -
785 3236 862 3288 Cisar
878 3252 933 3288 war
949 3238 1021 3290 nieht
1032 3239 1099 3292 blois
1117 3239 1173 3291 tak-

663 3305 737 3370 tisch,
756 3305 865 3357 sondern
884 3307 949 3358 auch
961 3308 1114 3373 strategisch
1129 3324 1173 3374 ge-

663 3373 785 3438 schlagen
808 3372 861 3424 und
882 3389 910 3425 er
932 3375 1018 3428 schien
1037 3377 1123 3428 weder
1145 3377 1171 3427 in

663 3443 748 3494 seiner
759 3442 969 3510 gegenwirtigen
982 3444 1099 3510 Stellung
1117 3445 1172 3497 sich

663 3510 822 3577 behaupten,
848 3511 914 3562 noch
938 3512 1052 3564 dieselbe
1072 3511 1173 3563 zweclr-

662 3578 755 3644 milsig
772 3579 904 3630 wechseln
920 3594 952 3631 zu
965 3578 1075 3631 konnen.
1098 3578 1172 3632 Pom-

662 3647 737 3712 peius
760 3646 832 3697 hatte
854 3647 967 3712 gesiegu
994 3662 1026 3698 an
1048 3647 1102 3697 ihm
1121 3662 1174 3698 war

664 3730 692 3767 es
710 3714 751 3766 die
769 3712 900 3765 Offensive
917 3728 949 3764 zu
967 3713 1100 3778 ergreihn,
1122 3714 1174 3766 und

664 3798 692 3834 er
709 3797 763 3834 war
775 3781 840 3834 dazu
853 3780 1046 3833 entsehlosscn.’
1067 3780 1174 3834 Momm-

664 3866 710 3904 sen
729 3849 800 3902 aem.
814 3848 904 3901 Gesch.

699 3921 722 3971 3.
744 3920 802 3969 sine
824 3918 916 3983 aliquo
933 3918 1051 3969 uulnere.
1086 3917 1112 3971 S.
1130 3918 1174 3970 da-
