2626 4416
190 235 252 299 238
586 241 629 294 DE
645 241 749 294 numo
766 241 858 296 GlVlbl

152 426 166 474 5
187 426 265 478 rent.
287 417 390 496 ltaque
406 424 486 477 tanta
498 425 542 478 est
556 417 750 477 contentione
766 426 874 493 actum,
890 426 1000 496 quanta
1012 419 1058 498 agi
1070 419 1180 492 debuit,
1196 440 1268 481 cum

189 502 230 563 illi
245 503 373 563 celerem
388 502 419 563 in
435 520 470 563 ea
484 520 517 562 re
531 500 699 575 victoriam,
719 502 750 563 hi
765 503 889 564 salutem
909 521 992 564 suam
1007 505 1170 566 consistere
1185 507 1270 568 vide-

151 597 166 645 6
187 598 264 649 rent.
295 588 355 649 Sed
369 605 433 648 rem
448 587 578 647 obtinuit
593 587 700 648 Caesar
720 606 883 667 omnesque
899 607 948 650 eas
970 608 1059 651 naves
1080 600 1110 650 et
1124 591 1266 669 reliquas,

189 691 264 751 quae
276 682 362 733 erant
373 673 403 733 in
416 672 577 746 navalibus,
592 672 733 746 incendit,
749 675 829 751 quod
840 682 901 734 tam
919 674 976 735 late
987 676 1064 736 tueri
1076 693 1164 754 parva
1174 695 1268 738 manu

188 777 249 819 non
265 766 397 837 poterat,
418 758 635 836 confestimque
650 758 686 817 ad
701 758 830 819 Pharum
853 758 977 820 navibus
998 760 1104 821 milites
1119 762 1267 840 exposuit.

271 839 350 907 112.
378 843 492 904 Pharus
507 852 551 905 est
566 844 596 903 iu
613 844 710 904 insula
725 844 816 905 turris
830 862 937 922 magna
953 845 1116 920 altitudine,
1132 847 1269 908 mirificis

150 938 165 987 2
187 927 329 1006 operibus
345 938 508 1005 exstrueta3
531 948 607 1008 quae
623 947 733 990 nomen
749 929 785 989 ab
802 930 897 991 insula
919 930 1042 1008 accepit.
1072 930 1152 991 Haec
1168 932 1267 994 insula

188 1013 303 1074 obiecta
318 1014 510 1075 Alexandriae
526 1023 646 1094 portum
657 1014 762 1090 elficit3
778 1015 829 1076 sed
841 1034 858 1075 a
872 1014 1077 1094 superioribus
1088 1017 1267 1095 regionibus

187 1099 217 1159 in
233 1100 449 1178 longitudinem
472 1118 612 1180 passuum
634 1110 855 1178 nongentorum
877 1101 908 1162 in
930 1118 1011 1161 mare
1032 1101 1115 1162 iactis
1135 1101 1267 1165 molibus

150 1191 165 1240 3
188 1194 314 1264 angusto
336 1185 443 1246 itinere
467 1196 497 1246 et
518 1195 610 1264 ponte
625 1203 695 1246 cum
710 1185 818 1265 oppido
834 1185 1036 1265 coniungitur.
1066 1186 1100 1246 ln
1123 1187 1178 1247 hac
1194 1199 1269 1249 sunt

187 1270 283 1330 insula
298 1270 445 1331 domicilia
459 1270 672 1350 Aegyptiorum
684 1279 713 1332 et
723 1270 805 1332 vicus
820 1270 921 1350 oppidi
936 1271 1156 1350 magnitudine3
1173 1291 1267 1352 quae·

187 1373 245 1432 que
268 1354 308 1414 ibi
331 1373 458 1433 cumque
481 1374 569 1417 naves
591 1356 790 1435 imprudentia
812 1364 862 1416 aut
876 1363 1050 1436 tempestate
1071 1356 1194 1435 paulum
1210 1378 1266 1420 suo

187 1457 277 1501 cursu
299 1441 507 1516 decesserunt,
529 1442 582 1502 has
603 1460 686 1501 more
708 1441 893 1520 praedonum
916 1443 1044 1521 diripere
1067 1453 1264 1505 consuerunt.

148 1534 163 1583 4
183 1524 223 1586 lis
234 1534 332 1586 autem
345 1526 451 1600 invitis,
463 1546 479 1586 a
491 1526 600 1605 quibus
610 1527 724 1588 Pharus
735 1534 862 1601 tenetur,
880 1546 941 1588 non
953 1535 1051 1606 potest
1063 1546 1127 1589 esse
1139 1537 1268 1607 propter

148 1620 163 1668 5
184 1611 334 1689 angustias
356 1610 480 1673 navibus
502 1612 641 1673 introitus
659 1612 689 1672 in
706 1620 834 1690 portum.
865 1611 929 1673 Hoc
944 1622 1008 1672 tum
1030 1613 1140 1674 veritus
1156 1613 1267 1675 Caesar

185 1695 320 1758 hostibus
331 1696 362 1757 in
375 1715 475 1776 pugna
487 1698 638 1776 occupatis
651 1697 793 1758 militibus
808 1698 949 1776 expositis
964 1698 1092 1758 Pharum
1103 1699 1265 1776 prehendit

147 1791 162 1840 6
183 1791 271 1860 atque
287 1781 329 1842 ibi
343 1783 523 1861 praesidium
537 1782 645 1862 posuit.
676 1782 791 1854 Quibus
807 1792 851 1845 est
867 1782 957 1844 rebus
972 1783 1119 1858 effectum,
1138 1785 1181 1844 uti
1196 1793 1263 1845 tuto

183 1866 367 1928 frumentum
381 1868 546 1947 auxiliaque
561 1867 685 1930 navibus
696 1869 733 1929 ad
744 1886 812 1929 eum
824 1869 995 1949 supportari
1009 1877 1140 1947 possent.
1169 1869 1264 1930 Uimi·

185 1952 222 2011 sit
237 1953 317 2013 enim
332 1953 444 2014 circum
460 1972 564 2014 omncs
578 1953 763 2033 propinquas
777 1953 945 2032 provincias
960 1963 1049 2033 atquc
1070 1954 1140 2014 inde
1156 1955 1264 2016 auxilia

147 2048 161 2096 t
183 2037 322 2098 evocarit.
351 2037 485 2116 Reliquis
508 2038 608 2118 oppidi
630 2038 764 2118 partibus
787 2039 829 2100 sic
849 2047 894 2100 est
909 2049 1087 2118 pugnatum,
1112 2047 1144 2099 ut
1165 2058 1263 2118 aequo

184 2123 298 2200 proelio
310 2122 511 2183 discederetur
522 2134 553 2184 et
563 2124 662 2185 neutri
677 2124 861 2203 pellerentur
871 2125 912 2202 (id
925 2124 1094 2186 efficiebant
1109 2126 1263 2204 angustiae

184 2207 267 2282 loci),
290 2208 452 2286 paucisque
467 2209 616 2287 utrimque
632 2209 796 2270 interiectis
811 2209 919 2270 Caesar
933 2210 997 2270 loca
1012 2210 1136 2270 maxime
1155 2229 1262 2272 neees-

147 2301 163 2351 8
184 2293 260 2352 seria
277 2293 448 2371 complexus
463 2303 554 2353 noctu
569 2294 746 2372 praemunit.
777 2294 810 2355 ln
823 2295 881 2354 boe
893 2305 988 2355 tractu
1000 2295 1101 2374 oppidi
1116 2306 1263 2374 parserat

185 2424 242 2476 dem
261 2423 440 2493 Plusquamp.,
465 2425 525 2478 weil
549 2426 590 2478 die
612 2426 696 2478 lland-
781 2424 840 2481 112.
858 2428 882 2478 2.
907 2444 923 2477 α
941 2429 1124 2492 reperiendam
1141 2431 1262 2493 regioni-

184 2493 247 2559 lung
264 2492 336 2544 nicht
352 2492 391 2545 als
409 2509 456 2546 vor
467 2493 512 2546 der
529 2495 640 2547 anderen
653 2510 696 2562 ge·
747 2497 807 2560 due,
834 2510 886 2546 von
913 2494 970 2547 dem
1001 2495 1095 2547 obereu
1123 2494 1261 2548 Stadtteile

185 2562 319 2614 schlossen
336 2561 388 2614 und
406 2563 565 2628 geschehem
585 2563 695 2616 scudem
747 2578 801 2628 aus,
819 2563 843 2614 d.
862 2563 879 2614 i.
897 2563 956 2615 dem
969 2561 1040 2614 Teile
1058 2562 1103 2615 der
1115 2562 1197 2627 stadt,
1216 2565 1261 2616 der

156 2664 163 2670 -
185 2629 223 2681 als
247 2630 284 2681 sie
306 2630 454 2696 begleitend
476 2632 529 2683 und
551 2632 634 2684 neben
656 2633 696 2684 ihr
746 2631 796 2683 deu
818 2630 917 2683 Namen
938 2630 1061 2683 Rhacotis
1084 2631 1183 2698 iubete,
1206 2632 1260 2685 und

184 2697 298 2750 dauernd
315 2698 424 2764 gedaoht
442 2698 513 2751 wird.
746 2715 797 2752 von
808 2699 933 2752 welchem
944 2700 990 2750 das
999 2698 1184 2765 Heptastadion
1193 2702 1260 2753 nach

218 2769 242 2818 6.
269 2783 349 2818 noves
366 2796 400 2804 —
421 2768 553 2831 incendit,
577 2767 642 2819 nach
665 2766 694 2819 B.
747 2767 792 2818 der
814 2767 1043 2820 Leuehtturminsel
1069 2768 1174 2833 geldhrt
1196 2785 1259 2821 war.

183 2835 257 2887 Alex.
273 2837 311 2899 12,
324 2838 339 2888 3
358 2836 392 2887 im
408 2835 511 2887 Ganzen
531 2838 578 2888 110
592 2834 695 2887 Schiffe.
747 2835 772 2887 S.
783 2835 829 2887 das
842 2850 929 2902 geogr.
938 2835 1001 2901 Reg.
1013 2841 1089 2888 unter
1097 2836 1258 2889 Alexandria.

184 2903 260 2954 Cicer
279 2903 350 2956 hatte
368 2902 480 2955 dadurch
494 2903 650 2968 wenigstens
664 2918 694 2955 so
780 2905 803 2955 3.
823 2918 943 2970 quaeque
958 2906 997 2954 idi
1009 2919 1133 2970 memque:
1150 2903 1258 2958 Tmcsis.

183 2970 235 3022 viel
247 2986 400 3035 gewonnen,
413 2970 468 3022 dats
481 2986 515 3033 er,
528 2970 560 3023 da
574 2986 601 3023 er
613 2971 695 3024 selbst
780 2976 804 3023 5.
829 2974 948 3023 hostibus
970 2977 1107 3037 occupatio
1129 2975 1259 3024 militibus

183 3039 240 3090 cine
254 3040 338 3091 Flotte
356 3056 407 3091 von
421 3042 453 3091 34
468 3037 582 3090 Schiffen
599 3039 693 3101 bescls,
746 3043 882 3104 depositis.
918 3039 944 3093 S.
964 3056 994 3091 zu
1016 3044 1037 3105 l,
1050 3044 1092 3105 30,
1105 3045 1128 3092 5.

184 3107 225 3157 die
242 3106 323 3158 llilen
346 3108 398 3160 und
416 3107 457 3159 die
476 3105 526 3159 See
548 3107 694 3173 behaupten
781 3110 804 3160 6.
818 3109 922 3173 dimisit
934 3112 1036 3159 circum
1048 3124 1137 3160 omnes
1146 3112 1259 3173 prouin-

182 3175 235 3226 und
253 3175 347 3227 Zufuhr
370 3175 422 3227 und
440 3174 616 3241 Verstdukung
638 3177 695 3228 her-
746 3179 811 3228 cias.
837 3175 905 3228 Uber
921 3177 1024 3228 dimisit
1040 3176 1107 3228 ohne
1121 3175 1217 3240 Objekt
1235 3193 1256 3229 ε.

183 3242 338 3294 beisehnffeu
351 3243 455 3295 'sonate
470 3242 517 3296 Bei
528 3244 585 3296 dem
594 3243 695 3296 Brande
746 3260 778 3294 zu
790 3247 814 3308 2,
825 3247 866 3308 20,
876 3249 900 3296 5.
918 3244 955 3296 Zu
968 3244 1217 3311 circumspicit,
1231 3250 1256 3298 t:

183 3309 228 3361 der
252 3309 347 3362 Schiffe
372 3312 459 3364 wurde
483 3312 604 3378 libripens
628 3312 694 3364 auch
746 3313 861 3362 dimissis
873 3315 1135 3377 circurnmenieipio
1152 3314 1257 3379 litteris,

182 3378 224 3430 die
250 3379 384 3431 berdhmte
410 3379 630 3432 alexandrinisohe
651 3379 694 3431 Bi·
746 3380 797 3431 und
818 3384 838 3443 l,
859 3384 898 3442 14,
916 3384 943 3433 5:
965 3382 1134 3446 gladiatores
1156 3386 1255 3434 circen,

182 3444 300 3498 bliothek
322 3447 349 3496 in
366 3446 451 3499 Asche
474 3448 568 3513 gelegt.
586 3477 620 3485 —
638 3453 694 3499 tom
744 3447 865 3508 familias
885 3449 1031 3500 distribuit.
1135 3504 1145 3514 ..

183 3517 236 3566 tate
264 3517 347 3566 tueri:
381 3515 440 3566 weil
470 3515 540 3567 seiae
572 3515 693 3582 Truppen
780 3520 803 3569 7.
825 3520 865 3568 eie
881 3522 920 3568 est
933 3521 1094 3583 pugnatum.
1130 3517 1197 3570 Uber
1215 3518 1255 3570 die

182 3582 253 3634 nicht
265 3583 431 3647 himeichten‚
446 3584 473 3635 in
484 3597 514 3634 so
527 3585 617 3636 weiter
628 3584 695 3636 Aus-
745 3585 791 3636 hrt
817 3586 901 3638 dieses
928 3585 1161 3653 Stralsenkamples
1185 3602 1205 3638 s.
1226 3585 1254 3639 B.

182 3651 303 3716 dehnung
321 3650 417 3703 Schutz
435 3667 471 3716 zu„
484 3652 629 3716 gewiihren,
650 3669 693 3704 um
744 3653 816 3706 Alex.
837 3658 859 3706 l.

182 3719 432 3787 siczubehaupten.
455 3719 524 3771 Uber
538 3725 609 3772 tueri
625 3721 693 3773 ohne
779 3725 802 3774 8.
827 3723 859 3773 ln
882 3724 932 3773 hoe
955 3727 1047 3773 traete
1071 3723 1186 3789 oppidi
1203 3721 1253 3771 wie

183 3785 278 3851 Objekt
295 3803 316 3840 s.
333 3804 366 3841 zu
383 3790 407 3851 2,
420 3790 461 3851 20,
475 3793 498 3840 5.
516 3818 549 3826 -
567 3789 693 3841 Pharum.
745 3790 795 3843 Cic.
809 3807 854 3857 pro
867 3789 973 3842 Plancio
991 3794 1015 3855 9,
1029 3792 1074 3842 22:
1093 3794 1196 3842 tructus
1207 3790 1254 3840 ille

183 3853 208 3906 S.
236 3855 282 3907 dos
307 3857 446 3923 geograph.
474 3856 591 3921 Register
621 3863 694 3910 unter
745 3858 930 3909 celeberrimus
948 3858 1121 3920 benefranus
1228 3875 1255 3907 se

181 3922 344 3978 Alexandria.
745 3928 824 3978 liuius
840 3929 941 3980 bonore
959 3930 1054 3979 ormari
1138 3930 1256 3978 arbitra·
