2626 4416
514 237 553 294 lll,
573 241 714 294 tto-109.
1089 236 1150 298 235

79 410 207 474 ostendit
217 409 274 473 sibi
284 408 402 489 placere
416 425 518 488 regem
529 408 731 470 Ptolomaeum
741 415 829 489 atque
844 410 906 472 eius
922 426 1055 472 sororem
1068 410 1152 472 Cleo-

79 506 193 577 patram
212 495 367 568 exercitus,
390 513 466 572 quos
488 494 642 569 haberent,
665 495 812 555 dimittere
834 503 863 555 et
885 496 921 556 de
943 497 1152 558 contmversiis

79 583 144 643 iure
159 580 234 660 apud
251 599 283 642 se
298 580 398 659 potius
413 597 501 657 quam
516 579 595 640 inter
608 598 640 641 se
655 581 743 640 armis
758 580 932 659 disceptare.

161 662 239 730 108.
263 665 336 725 Erat
347 665 378 724 in
389 663 601 743 procuratione
619 665 706 742 regni
720 673 844 744 propter
855 674 978 727 aetatem
989 666 1076 744 pueri
1095 685 1152 727 nu-

76 752 179 812 tricius
194 751 273 824 eius,
296 749 452 810 eunuchus
468 749 590 809 nomine
604 749 759 810 Pothinus,
796 750 825 810 ls
840 751 970 829 primum
990 752 1068 812 inter
1082 770 1153 812 suos

75 837 162 915 queri
178 845 266 913 atque
277 833 425 912 indignari
439 834 537 913 coepit
550 853 652 912 regem
667 836 702 895 ad
720 853 838 895 causam
853 835 1007 914 dicendam
1019 837 1150 911 evocari;

76 922 184 983 deinde
196 920 345 981 adiutores
356 920 497 998 quosdam
510 919 626 981 consilii
641 920 686 981 sui
698 929 803 981 nactus
818 939 852 980 ex
864 922 944 998 regis
955 922 1056 983 amicis
1067 941 1151 983 exer·
1173 934 1188 984 2

74 1007 167 1067 citum
180 1004 321 1066 aPelusio
331 1005 616 1066 clamAlexandriam
624 1006 753 1066 evocavit
764 1013 852 1083 atque
864 1005 990 1066 eundem
1000 1007 1150 1081 Achillam,

75 1091 161 1152 euius
176 1109 265 1170 supra
280 1089 484 1164 meminimus,
500 1089 639 1151 omnihus
654 1090 748 1169 copiis
762 1091 913 1170 praefecit.
943 1090 1032 1151 Hunc
1047 1091 1151 1152 incita-

76 1185 140 1237 tum
155 1177 260 1237 suiset
280 1175 358 1254 regis
372 1174 649 1255 pollicitationibus,
671 1193 746 1254 quae
761 1176 825 1236 lieri
839 1176 934 1251 vellet,
951 1176 1057 1238 litteris
1072 1195 1151 1237 aun-

74 1261 184 1339 tiisque
206 1260 332 1322 edocuit.
372 1260 407 1321 la
429 1268 606 1322 testamento
626 1260 790 1328 Ptolomaei
811 1261 902 1340 patris
922 1262 1047 1323 heredes
1069 1271 1154 1322 crant
1175 1273 1189 1322 3

74 1347 177 1426 scripti
192 1365 228 1407 ex
243 1345 361 1407 duobus
372 1345 439 1406 filiis
453 1346 547 1406 maior
562 1353 639 1406 etex
654 1346 769 1407 duabus
780 1346 895 1408 filiabus
910 1366 952 1421 ea,
969 1365 1045 1426 quae
1057 1355 1151 1408 aetate

60 1431 276 1493 antecedebat.
307 1431 386 1491 Haec
406 1431 451 1490 uti
465 1431 588 1503 fierent,
610 1448 666 1508 per
687 1450 792 1492 omnes
807 1431 878 1491 deos
892 1450 1007 1510 perque
1022 1433 1150 1503 foedera,

74 1536 151 1594 quae
162 1517 272 1576 Romae
284 1516 411 1588 lecisset,
427 1515 530 1576 eodem
542 1523 718 1576 testamento
730 1516 918 1577 Ptolomaeus
933 1518 1078 1595 populum
1089 1518 1150 1578 Ro-

75 1619 197 1661 manum
212 1599 422 1662 obtestabatur.
453 1599 582 1660 Tabulae
603 1601 772 1661 testamenti
794 1619 871 1661 unae
892 1601 1072 1680 perlegales
1088 1603 1151 1663 eius
1172 1613 1188 1663 1

74 1685 198 1746 Romam
214 1693 300 1747 erant
313 1685 424 1759 allatae,
439 1685 513 1746 utin
529 1685 643 1746 aerario
655 1694 841 1764 ponerentur
852 1687 928 1761 (hae,
944 1704 1012 1746 cum
1027 1694 1151 1766 propter

73 1770 208 1850 publicas
224 1770 434 1850 occupationes
451 1771 523 1848 poni
539 1790 600 1832 non
610 1772 786 1850 potuissent,
801 1771 879 1850 apud
892 1772 1065 1851 Pompeium
1080 1780 1152 1833 sunt

70 1855 244 1935 depositae),
263 1856 370 1917 alterae
386 1855 490 1916 eodem
506 1856 640 1936 exemplo
656 1857 774 1918 relictae
790 1865 879 1936 atque
894 1856 1066 1936 obsignatae
1081 1857 1150 1918 Ale·

73 1942 213 2003 xandriae
228 1941 468 2021 proferebantur.

159 2023 240 2090 109.
263 2027 306 2087 De
328 2027 373 2087 bis
395 2025 486 2087 rebus
509 2044 577 2087 cum
599 2034 736 2105 ageretur
765 2026 844 2104 apud
866 2026 1036 2100 Caesarem,
1065 2026 1149 2104 isque

61 2112 199 2172 ,maxime
219 2112 307 2172 vellet
328 2130 383 2190 pro
406 2112 558 2172 communi
579 2112 674 2172 amico
690 2119 777 2188 atque
800 2111 911 2172 arbitro
934 2111 1149 2172 controversias

72 2214 177 2274 regum
200 2215 390 2275 componere,
412 2196 510 2257 subito
534 2197 681 2257 exercitus
702 2196 802 2274 regius
825 2197 1031 2275 equitatusque
1053 2196 1150 2256 omnis
1193 2269 1194 2272 Ἴ

72 2282 175 2343 venire
189 2282 395 2343 Alexandriam
412 2282 576 2343 nuntiatur.
603 2281 732 2343 Caesaris
743 2282 845 2360 copiae
861 2299 1049 2359 nequaquam
1064 2291 1149 2342 erant
1170 2292 1185 2342 2

72 2375 180 2441 tantae,
194 2375 227 2428 ut
238 2367 289 2442 eis,
306 2375 387 2428 extra
400 2367 543 2446 oppidum
553 2367 578 2428 si
590 2377 666 2428 esset
678 2366 887 2439 dimicandum,
900 2367 1072 2427 confideret.
1088 2367 1146 2426 lle-

72 2498 101 2535 es
118 2499 170 2534 von
183 2483 259 2535 Cisar
275 2483 387 2535 beidam
400 2482 584 2547 Verhdltnisse,
633 2487 744 2548 prepter
756 2484 883 2548 publicae
894 2484 1090 2546 occupationes,
1107 2481 1149 2531 die

72 2552 99 2602 in
118 2551 176 2602 dem
193 2566 220 2602 er
232 2551 328 2603 damals
346 2552 372 2613 (i.
384 2551 408 2603 J.
421 2553 465 2612 59)
482 2567 514 2602 zu
531 2551 585 2602 ihm
636 2549 755 2602 Unruben
774 2552 809 2602 im
829 2550 925 2602 Stante.
953 2548 1010 2614 Vgl.
1030 2564 1051 2598 c.
1071 2551 1111 2610 22,
1124 2554 1148 2599 «t.

73 2618 162 2684 stand,
186 2618 312 2683 erlangte,
339 2617 394 2669 dass
418 2617 585 2670 Ptolomaeus
636 2646 670 2656 -
697 2619 786 2669 eodem
814 2618 942 2682 eoeeanple.
989 2616 1150 2681 daemplam

72 2686 152 2738 durch
170 2683 278 2738 Senats-
299 2685 353 2737 und
370 2684 585 2738 Volksbeschluls
636 2685 789 2736 litter-amm
812 2685 847 2736 ist
868 2685 914 2738 das
935 2684 1053 2750 llonzept
1079 2684 1149 2736 eines

71 2755 111 2806 als
123 2753 223 2806 Freund
240 2754 293 2805 und
310 2753 523 2820 Bundesgeuosse
542 2769 586 2805 an·
638 2752 745 2815 Brieles,
764 2769 786 2804 a.
799 2752 828 2804 B.
848 2753 898 2804 Cic.
912 2752 943 2805 ad
961 2752 1020 2806 lam.
1034 2755 1059 2815 9,
1070 2755 1110 2817 26,
1123 2757 1148 2805 1;

69 2821 182 2874 erhannt
205 2821 257 2873 und
284 2837 313 2874 sc
340 2821 464 2888 bestdtigt
488 2821 585 2874 warde.
637 2823 814 2872 occalluerant
835 2823 903 2871 hora
924 2837 1010 2886 nona,
1036 2836 1096 2870 cum
1113 2821 1151 2871 ad

74 2889 144 2942 Suet.
173 2890 244 2942 Caes.
263 2892 308 2943 53:
339 2890 483 2941 Societatee
505 2896 586 2956 atque
637 2894 662 2940 te
679 2891 777 2940 harum
795 2889 946 2955 eoeemplum
967 2892 997 2939 in
1019 2888 1150 2939 codicillis
1213 2908 1216 2912 ⁴

71 2975 158 3023 regna
175 2961 267 3024 pretio
291 2959 380 3020 dedit,
407 2963 440 3009 aet
465 2962 512 3024 qui
536 2961 587 3010 cai
638 2960 760 3023 emarcui,
778 2956 840 3008 oder
857 2957 922 3008 auch
940 2957 997 3008 eine
1009 2955 1132 3007 Abschrif
1143 2995 1148 3020 ‚

71 3028 224 3078 Ptolemaeo
236 3043 325 3092 prope
341 3043 390 3077 sec
406 3029 482 3078 milia
503 3027 586 3077 talen·
637 3042 659 3077 z.
669 3024 698 3076 Β.
712 3025 762 3077 Cic.
776 3025 808 3076 ad
820 3025 879 3079 lam.
890 3027 914 3090 6,
927 3027 950 3087 8,
961 3027 989 3075 3:
1002 3039 1095 3074 earum
1107 3024 1148 3074 lit·

72 3100 163 3145 tercm
181 3111 228 3146 aare
248 3100 328 3161 atque
344 3096 455 3161 Pompei
477 3097 586 3146 nemine
638 3090 1150 3159 hadrumecaemplumtnfraaeriptcm

72 3165 221 3214 aletraleaa't.
636 3166 681 3213 act.
700 3161 785 3212 Bimae
799 3162 906 3213 litterae
923 3161 1013 3212 eodem
1028 3163 1149 3225 eoeemplc

107 3229 169 3286 108.
201 3235 223 3284 1.
257 3235 287 3282 in
318 3233 528 3297 procuratione·
563 3246 584 3282 c.
637 3228 694 3280 sind
712 3229 776 3281 zwei
789 3228 875 3282 Briele
893 3229 1030 3281 desselben
1045 3229 1148 3289 luhalts,

76 3300 132 3361 104,
147 3303 168 3350 t.
186 3326 220 3335 ——
236 3304 349 3364 propter
367 3303 496 3350 aetatem.-
513 3315 543 3350 zu
562 3315 585 3350 c.
637 3296 720 3349 denen
735 3297 854 3350 desselbe
866 3298 984 3364 Konaept
1001 3313 1032 3348 au
1048 3296 1149 3348 Grande

77 3366 132 3426 103,
152 3367 175 3415 2.
637 3365 711 3432 liegt;
730 3382 752 3416 a.
770 3365 798 3417 B.
818 3366 869 3418 Cic.
888 3366 920 3418 ed
938 3365 998 3417 lam.
1018 3369 1058 3429 10,
1077 3369 1101 3430 5,
1122 3369 1148 3416 l:

108 3434 131 3484 2.
154 3435 336 3483 meminimus:
353 3435 469 3486 erwdbnt
487 3435 583 3495 haben;
636 3436 713 3485 eines
736 3451 753 3486 a
771 3439 796 3484 te
817 3438 908 3500 accepi
931 3435 1035 3486 litterae
1059 3433 1150 3484 eedem

73 3501 99 3551 in
118 3499 202 3551 dieser
218 3498 370 3566 Bedeutung
386 3502 478 3554 selteo.
637 3504 765 3568 adempte.

108 3572 131 3620 3.
150 3584 185 3619 ecc
203 3568 305 3618 duobus
321 3568 403 3631 filtie:
426 3569 470 3621 der
492 3568 586 3620 andere
670 3569 733 3626 lot.
753 3573 775 3622 1.
791 3586 842 3636 pre
856 3571 991 3621 communi
1007 3571 1093 3621 amice
1110 3573 1149 3618 at·

73 3636 144 3689 Sohn
163 3651 217 3687 war
230 3635 394 3688 Ptolomaeus
412 3635 457 3688 der
465 3636 585 3702 jr'mgere,
637 3653 687 3703 que
700 3641 819 3689 arbitra:
834 3639 896 3690 ‘als'.
915 3637 941 3692 S.
955 3653 987 3688 zu
999 3639 1022 3699 2,
1037 3639 1060 3700 8,
1075 3639 1100 3696 1;
1120 3651 1149 3688 so

72 3705 114 3756 die
133 3703 226 3764 audere
245 3703 356 3756 Tochter
372 3704 490 3757 Arsinoe.
637 3706 679 3772 §5
694 3722 747 3771 pre
760 3708 846 3757 aceiae
858 3706 993 3768 sublatam,-
1005 3704 1034 3755 B.
1047 3703 1077 3756 G.
1090 3708 1114 3766 5,
1125 3706 1148 3768 l,

107 3779 131 3825 4.
153 3773 271 3824 Tabulae
286 3788 358 3822 aenae
372 3801 406 3810 -
422 3773 532 3824 alterae.
559 3771 586 3826 S.
638 3777 666 3824 t:
685 3774 757 3824 nihil
766 3775 838 3823 hunc
855 3790 882 3822 ce
895 3774 1001 3822 absente
1012 3787 1065 3837 pre
1082 3788 1149 3823 sace

73 3856 104 3891 zu
114 3839 180 3893 bd.
193 3845 215 3907 1,
225 3843 266 3907 53,
276 3845 303 3893 4:
318 3842 386 3892 deae
394 3841 477 3906 filiae,
490 3843 587 3892 harum
636 3841 785 3903 facturam.
801 3869 835 3878 -
850 3843 940 3890 veatae
951 3840 1150 3891 Alexandrdam

74 3907 160 3960 altera
178 3914 274 3977 caetea,
292 3909 380 3962 attera
394 3913 474 3976 capta
492 3914 585 3963 331-
637 3925 689 3961 uon
706 3907 838 3961 Pelusium
857 3923 878 3960 c.
900 3910 996 3973 103,1.
