2626 4416
150 215 212 277 230
547 214 709 274 uuBEtto
729 215 821 269 crvltl

148 413 272 473 quarum
285 395 375 454 altera
387 399 449 452 erat
461 391 586 463 Cassius,
598 400 760 471 ceperunt;
773 392 824 453 sed
836 390 951 453 Cassius
963 400 1104 472 exceptus
1115 394 1232 474 scapha

145 480 256 560 refugit
263 499 271 556 ;
295 487 446 558 praeterea
467 477 542 537 duae
564 484 635 536 sunt
649 477 805 555 depressae
829 477 971 538 triremes.
1012 478 1115 557 Neque
1129 480 1230 542 multo

146 574 215 644 post
229 565 264 625 de
280 563 393 645 proelio
411 564 488 623 lacto
503 562 534 622 in
551 561 700 622 Thessalia
715 562 867 641 cognitum
883 571 940 636 est,
962 570 996 623 ut
1011 561 1082 642 ipsis
1096 563 1230 646 Pompe·

147 650 222 711 ianis
243 651 315 710 tides
337 650 437 723 tieret;
461 665 529 707 nam
546 655 615 707 ante
637 647 664 707 id
679 656 797 726 tempus
818 647 890 727 fingi
906 667 922 707 a
937 647 1040 726 legatis
1061 648 1228 729 amicisque

147 735 277 796 Caesaris
289 733 517 794 arbitrabantur.
548 729 663 801 Quibus
678 732 767 794 rebus
779 732 906 813 cognitis
917 752 952 793 ex
963 733 1009 795 his
1020 733 1093 796 locis
1106 734 1229 798 Cassius

146 838 213 880 cum
231 819 322 880 classe
338 818 479 895 discessit.

233 901 313 969 102.
330 902 582 965 Caesaromnibus
593 901 684 964 rebus
695 902 806 964 relictis
817 901 1121 983 persequendumsibi
1132 904 1227 966 Pom·

145 990 244 1069 peium
261 989 449 1061 existimavit,
472 1006 674 1067 quascumque
697 988 728 1048 in
744 996 843 1068 partes
865 1007 896 1049 se
911 1007 947 1048 ex
967 989 1036 1068 luga
1050 989 1226 1068 recepisset,

146 1094 184 1136 ue
200 1093 304 1137 rursus
326 1075 425 1155 copias
446 1091 617 1152 comparare
639 1072 709 1134 alias
724 1082 753 1134 et
772 1073 884 1134 bellum
903 1092 1047 1135 renovare
1067 1083 1179 1154 posset,
1195 1085 1227 1137 et

145 1169 420 1238 quantumcumque
434 1159 549 1219 itineris
563 1159 696 1237 equitatu
711 1159 829 1220 ellioere
843 1166 961 1239 poterat
975 1159 1082 1220 cotidie
1097 1178 1227 1239 progre-

145 1245 280 1306 diebatur
298 1245 504 1324 legionemque
516 1262 606 1304 unam
621 1244 787 1306 minoribus
805 1243 961 1305 itineribus
976 1243 1117 1323 subsequi
1128 1245 1225 1307 iussit.

108 1340 124 1389 2
145 1330 217 1390 Erat
232 1330 360 1391 edictum
376 1329 499 1408 Pompei
513 1329 636 1391 nontine
652 1329 821 1408 Amphipoli
837 1329 1042 1409 propositum,
1058 1330 1101 1390 uti
1116 1350 1225 1393 omnes

147 1415 211 1478 eius
226 1415 396 1495 provinciae
412 1415 554 1489 iuniores,
570 1413 674 1476 Graeci
690 1414 827 1493 civesque
843 1415 977 1490 Romani,
1001 1414 1117 1476 iurandi
1132 1434 1223 1477 causa

106 1509 121 1558 a
145 1501 347 1561 convenirent.
386 1500 445 1562 Sed
459 1508 560 1561 utrum
575 1501 750 1561 avertendae
766 1500 943 1580 suspicionis
958 1518 1044 1563 causa
1060 1499 1221 1581 Pompeius

142 1586 356 1665 proposuisset,
371 1593 405 1647 ut
419 1603 509 1664 quam
519 1584 681 1646 diutissime
696 1585 839 1667 longioris
855 1587 940 1666 fugae
952 1585 1109 1647 consilium
1119 1587 1224 1648 occul·

142 1679 227 1746 tarot,
243 1691 281 1732 an
298 1670 382 1733 novis
396 1670 567 1745 delectibuS,
583 1670 608 1732 si
623 1689 712 1732 nemo
730 1679 887 1750 premeret,
903 1670 1105 1731 Macedoniam
1116 1678 1223 1733 tenere

106 1766 120 1815 4
143 1766 316 1831 conaretur,
333 1755 491 1816 existimari
512 1775 573 1816 non
589 1764 715 1835 poterat.
751 1755 818 1835 lpse
839 1755 876 1816 ad
890 1774 1028 1817 ancoram
1050 1775 1110 1816 una
1131 1766 1223 1818 nocte

143 1841 276 1902 constitit
291 1852 321 1902 et
334 1841 444 1902 vocatis
459 1841 495 1902 ad
510 1860 541 1902 se
556 1840 726 1921 Amphipoli
741 1841 908 1920 hospitibus
928 1850 957 1902 et
971 1841 1098 1921 pecunia
1113 1842 1149 1902 ad
1165 1861 1222 1905 ne-

143 1927 286 1988 cessarios
301 1935 436 2006 sumptus
451 1935 605 2005 conrogata
620 1926 740 2004 cognito
756 1926 888 1988 Caesaris
908 1926 1036 1987 adventu
1051 1945 1087 1987 eu
1101 1946 1138 1988 eo
1153 1928 1224 1989 loco

106 2022 119 2070 5
142 2012 276 2074 discessit
297 2021 326 2074 ct
347 2012 502 2092 Mytilenas
523 2012 626 2091 paucis
640 2011 745 2075 diebus
764 2012 854 2073 venit.
894 2011 1020 2072 Biduum
1043 2021 1222 2091 tempestate

143 2106 277 2159 retentus
291 2097 474 2176 navibusque
489 2097 552 2158 aliis
567 2097 671 2158 additis
691 2097 827 2158 actuariis
848 2097 878 2157 in
897 2096 1025 2157 Ciliciam
1047 2106 1135 2194 atque
1151 2096 1223 2159 inde

104 2192 119 2240 o
141 2181 269 2262 Cyprum
292 2182 437 2261 pervenit.
468 2181 512 2242 lbi
534 2182 688 2262 cognoscit
708 2201 858 2244 consensu
881 2182 1015 2242 omnium
1036 2182 1223 2244 Antiochen·

141 2267 217 2327 sium
234 2267 400 2345 civiumque
415 2267 627 2342 Romanorum,
643 2267 694 2346 qui
709 2267 768 2328 illio
784 2267 1017 2346 negotiarentur,
1034 2286 1133 2328 arcem
1149 2287 1221 2348 cap-

140 2361 199 2412 tam
215 2370 278 2412 esse
295 2351 468 2412 excludendi
486 2352 532 2412 sui
548 2369 635 2412 causa
651 2353 832 2432 nuntiosque
844 2353 980 2414 dimissos
992 2353 1028 2413 ad
1044 2372 1103 2427 eos,
1120 2353 1222 2433 quise

141 2456 176 2497 ex
192 2437 261 2517 luga
277 2436 306 2498 in
324 2435 462 2498 finitimas
477 2436 607 2498 civitates
623 2437 770 2518 recepisse
786 2439 965 2513 dicerentur,
982 2457 1020 2498 ne
1031 2439 1222 2500 Antiochiam

141 2522 272 2583 adirent:
293 2523 322 2583 id
338 2522 361 2583 si
377 2523 531 2597 fecissent,
555 2541 662 2602 magno
679 2542 782 2585 eorum
806 2523 909 2602 capitis
926 2524 1058 2603 periculo
1074 2523 1220 2586 futurum.

105 2623 119 2670 t
141 2608 221 2668 ldom
233 2609 289 2669 hoc
301 2608 334 2668 L.
347 2608 483 2684 Lentulo,
497 2608 547 2687 qui
559 2608 713 2688 superiore
725 2628 805 2670 anno
818 2609 924 2670 consul
935 2610 1039 2682 luerat,
1052 2617 1082 2670 et
1094 2610 1125 2670 P.
1138 2609 1222 2671 Len·
1296 2661 1302 2674 .

139 2693 202 2753 tulo
215 2692 365 2754 consulari
380 2712 413 2754 ac
427 2694 579 2755 nonnullis
593 2694 657 2755 aliis
672 2694 817 2755 acciderat
827 2693 939 2769 Rhodi;
955 2695 1085 2772 quicum
1098 2713 1134 2756 ex
1149 2696 1221 2776 luga

140 2778 314 2858 Pompeium
336 2787 535 2858 sequerentur
556 2788 644 2857 atque
666 2779 696 2839 in
720 2779 848 2840 insulam
870 2779 1028 2853 venissent,
1052 2779 1162 2859 oppido
1184 2799 1220 2841 ac

140 2872 230 2942 portu
244 2863 356 2944 recepti
373 2883 434 2925 non
451 2873 536 2925 erant
551 2863 707 2942 missisque
723 2865 757 2925 ad
774 2884 825 2926 eos
841 2863 970 2938 nuntiis,
985 2872 1019 2923 ut
1034 2883 1070 2924 ex
1084 2864 1131 2926 his
1144 2865 1221 2927 locis

173 2985 197 3034 6.
216 2980 283 3042 fides
300 2981 390 3043 fieret:
408 2983 432 3044 2,
451 2982 491 3041 3'l,
514 2983 535 3031 l.
702 2984 732 3031 in
750 2984 858 3032 ancoris
877 2983 1062 3032 constiterunt.
1097 2978 1127 3032 B.
1144 2979 1174 3032 G.
1193 2985 1218 3045 4,

172 3047 236 3102 102.
255 3053 276 3101 l.
288 3049 392 3100 relictis
402 3071 436 3092 =
445 3048 607 3114 posthabitis.
617 3075 651 3087 ·—
704 3051 745 3113 23,
753 3053 769 3102 4
778 3070 783 3100 :
793 3052 822 3098 in
830 3051 939 3099 ancoris
944 3051 1117 3115 suspectante.
1126 3048 1220 3116 -Mg-

140 3115 247 3178 efficere
263 3122 376 3182 poterat,
395 3117 446 3168 wie
455 3115 484 3168 B.
494 3115 524 3168 G.
534 3120 557 3179 4,
569 3120 610 3181 35,
621 3119 650 3169 3:
705 3119 800 3168 tilenas
812 3118 892 3167 canit.
921 3116 1028 3168 llorthin
1040 3116 1112 3168 hatte
1130 3131 1158 3168 er
1175 3116 1219 3168 hei

138 3187 214 3235 tanto
226 3188 313 3248 spatio
321 3187 415 3248 secuti,
428 3189 558 3250 quantam
570 3200 651 3235 curse
702 3184 802 3251 Region
816 3183 861 3236 des
873 3182 980 3250 Krieges
998 3184 1069 3237 aeine
1082 3183 1220 3238 Gemohlin

138 3256 165 3303 at
189 3253 292 3302 viribus
316 3252 423 3314 officere
445 3257 596 3318 potuerunt
618 3278 652 3299 =.-
704 3253 819 3305 Cornelia
841 3252 888 3303 mit
904 3251 963 3303 dem
984 3253 1112 3319 jdogeren
1130 3251 1219 3306 Solane

138 3318 318 3383 zurdcklegen.
704 3320 797 3373 Sextus
815 3319 956 3386 geschicht.
991 3320 1024 3372 Er
1053 3320 1156 3372 londete
1174 3321 1220 3372 da-

173 3390 196 3440 3.
207 3387 652 3450 existimari:heurteilt,entschie-
703 3389 785 3441 selbst
802 3388 888 3450 nicht,
907 3388 1017 3440 sondern
1035 3388 1093 3440 llels
1111 3389 1157 3452 sie,
1175 3388 1219 3441 die

138 3455 188 3507 den
198 3454 309 3506 werden.
326 3454 388 3506 Sall.
398 3455 451 3521 lug.
462 3459 503 3521 85,
515 3459 558 3507 14:
571 3454 651 3505 Nono
702 3457 787 3508 nichts
796 3471 848 3507 von
859 3455 903 3507 der
912 3456 1064 3524 Niederlage
1074 3458 1160 3521 ohnte‚
1174 3458 1220 3508 aul

138 3540 184 3575 ooo
210 3525 382 3588 emistumoto,
412 3522 486 3584 facta
512 3539 549 3573 on
576 3524 650 3574 dioto
702 3525 748 3578 das
761 3524 980 3577 Schifflrommen.
1007 3524 1033 3578 S.
1047 3525 1088 3576 die
1101 3524 1219 3577 Schilde·

136 3593 225 3657 pluris
242 3594 305 3643 mot.
340 3590 394 3643 Liv.
414 3594 454 3656 22,
473 3593 514 3655 59,
535 3595 578 3643 14:
604 3595 651 3655 qui
701 3609 767 3660 rung
785 3593 827 3645 bei
848 3592 915 3645 Plut.
935 3592 1024 3660 Pomp.
1043 3597 1076 3646 74
1094 3610 1119 3646 u.
1138 3596 1181 3647 75.

137 3665 231 3711 ulmam
256 3663 368 3711 auarior
389 3676 425 3711 an
448 3658 585 3710 cmdolior
604 3663 649 3724 sit,
736 3667 760 3714 5.
780 3661 913 3728 Cyprum:
932 3677 954 3713 c.
974 3663 1030 3724 106,
1052 3665 1073 3714 1.

138 3733 186 3780 otac
204 3731 356 3780 octobrem
371 3732 476 3794 potaot,·
499 3729 540 3791 23,
559 3730 601 3793 tr,
619 3729 648 3780 8:
735 3733 759 3782 6.
785 3744 885 3796 magno
912 3733 1009 3795 capitia
1033 3729 1158 3796 periculo
1182 3731 1218 3782 ist

137 3813 219 3862 quom
231 3813 294 3847 uera
308 3801 346 3847 sit
356 3799 426 3863 (res),
446 3798 592 3847 communis
605 3812 650 3847 eac-
700 3796 758 3850 Ahl.
772 3796 802 3852 Β.
815 3796 845 3849 G.
860 3802 884 3861 7,
899 3801 921 3862 1,
935 3802 963 3860 5;
979 3801 1018 3861 ld,
1032 3801 1055 3850 7.

136 3867 268 3915 estimatio
286 3869 333 3918 eat.
736 3871 759 3919 t.
779 3865 809 3918 L.
826 3865 956 3917 Lentulo:
978 3870 1000 3930 l,
1020 3870 1043 3929 l,
1061 3867 1076 3918 2
1094 3882 1120 3917 u.
1138 3867 1164 3918 ὃ.
1182 3894 1219 3904 -

42 3935 46 3943 “
171 3937 196 3985 4.
209 3935 382 3985 araneorum
391 3935 527 3985 constitit:
540 3935 611 4000 cra,
622 3937 632 3987 1
643 3953 648 3984 :
701 3936 729 3987 P.
741 3935 871 3986 Lentulo:
889 3939 912 3999 1,
928 3939 967 4001 15,
980 3937 1004 3989 3.
