2626 4416
167 250 207 313 76
566 251 608 304 ne
625 251 727 303 BELLO
745 249 837 302 ulvul

166 429 323 490 fortissime
338 438 428 508 atque
450 428 607 502 acerrime;
630 445 728 504 neque
750 426 875 486 multum
890 422 985 485 Albici
1007 425 1117 485 nostris
1132 424 1248 486 virtute

128 525 143 574 t
165 513 319 587 cedebant,
335 513 472 573 homines
486 512 584 590 asperi
595 523 624 572 et
635 511 768 572 montani
784 522 814 571 et
829 510 979 570 exercitati
990 511 1019 569 in
1033 510 1139 585 armis;
1153 519 1244 589 atque

165 599 196 659 hi
210 598 298 659 modo
314 598 438 677 digressi
448 617 464 657 a
475 596 707 658 Massiliensibus
721 606 873 656 recentem
883 614 986 656 eorum
998 595 1244 674 pollicitationem

166 684 272 744 animis
294 682 504 753 continebant,
530 691 722 760 pastoresque
744 681 863 742 Domitii
885 700 937 759 spe
958 680 1102 741 libertatis
1124 680 1244 741 excitati

165 768 220 830 sub
237 769 330 829 oculis
345 767 455 828 domini
470 785 552 828 suam
568 767 697 845 probare
712 784 834 845 operam
848 765 1015 826 studebant.

251 850 309 918 58.
332 853 391 932 Ipsi
403 852 597 913 Massilienses
612 863 641 912 et
655 851 805 912 celeritate
817 851 936 911 navium
950 861 981 911 et
994 850 1117 912 scientia
1132 849 1245 928 guber-

168 949 306 999 natorum
321 937 425 998 consrsi
448 945 567 998 nostros
582 937 741 997 eludebant
755 936 943 1014 impetusque
958 954 1063 996 eorum
1083 954 1146 996 non
1162 935 1244 996 exci-

167 1022 290 1103 piebant
304 1033 342 1098 et,
358 1022 454 1101 quoad
469 1021 578 1082 licebat
591 1000 873 1100 latiorefflffspatio,
889 1021 1033 1099 producta
1047 1021 1165 1100 longius
1180 1020 1244 1081 acie

167 1108 381 1169 circumvenire
403 1116 523 1167 nostros
540 1117 591 1166 aut
611 1106 747 1186 pluribus
770 1105 893 1166 navibus
915 1106 1023 1166 adoriri
1045 1105 1177 1184 singulas
1192 1115 1244 1167 aul

129 1204 144 1252 2
165 1212 264 1254 remos
278 1201 517 1252 transcurrentes
532 1192 701 1271 detergere,
717 1191 741 1252 si
756 1199 893 1269 possent,
913 1189 1150 1266 contendebant3
1173 1209 1242 1251 oum

166 1278 291 1357 propius
305 1283 369 1336 erat
384 1276 550 1336 necessario
565 1287 696 1350 ventum,
714 1276 750 1335 ab
766 1276 889 1336 scientia
903 1276 1137 1355 gubernatorum
1152 1285 1244 1354 atque

128 1374 143 1421 3
164 1362 296 1422 artificiis
322 1361 357 1420 ad
383 1361 521 1420 virtutem
546 1371 756 1421 montanorum
782 1361 1003 1440 confugiebant.
1047 1361 1147 1421 Nostri
1173 1379 1244 1421 cum

166 1448 265 1508 minus
277 1445 443 1507 exercitatis
452 1445 614 1524 remigibus
626 1445 784 1524 minusque
796 1446 899 1524 peritis
910 1445 1162 1524 gubernatoribus
1176 1454 1244 1506 ute·

167 1531 291 1605 bantur,
315 1531 366 1608 qui
388 1540 511 1609 repente
533 1549 569 1590 ex
592 1531 736 1592 onerariis
751 1529 875 1591 navibus
890 1538 975 1590 erant
987 1529 1125 1609 producti
1145 1549 1244 1610 neque

166 1619 236 1676 dum
252 1616 339 1676 etiam
348 1615 497 1676 vocabulis
509 1625 761 1677 armamentorum
776 1615 910 1694 cognitis,
925 1623 990 1675 tum
1004 1615 1092 1676 etiam
1106 1616 1246 1677 tarditate

166 1712 196 1761 et
205 1702 344 1779 gravitate
360 1700 479 1759 navium
493 1700 746 1780 impediebantur;
761 1703 855 1761 factae
870 1700 950 1760 enim
963 1700 1063 1761 subito
1074 1719 1110 1761 ex
1124 1701 1245 1763 humida

128 1798 143 1846 t
164 1787 287 1847 materia
309 1804 371 1845 non
395 1785 522 1845 eundem
544 1805 632 1847 nsum
655 1785 813 1846 celeritatis
833 1785 991 1846 habebant.
1031 1786 1149 1865 ltaque,
1172 1787 1247 1848 dum

98 1942 102 1946 ¹
166 1873 249 1933 locus
263 1871 430 1932 comminus
452 1872 605 1949 pugnandi
620 1871 756 1944 daretur,
780 1889 875 1949 aequo
897 1871 996 1931 animo
1019 1871 1150 1950 singulas
1164 1872 1244 1934 binis

166 1956 289 2018 navibus
304 1955 476 2015 obiciebant
498 1966 586 2033 atque
601 1956 709 2016 iniecta
724 1975 815 2016 manu
829 1957 925 2016 ferrea
940 1968 970 2017 et
983 1965 1097 2017 retenta
1117 1966 1244 2036 utraque

167 2061 240 2102 nave
261 2040 368 2102 diversi
383 2038 559 2119 pugnabant
576 2048 664 2118 atque
686 2041 716 2100 in
733 2041 863 2101 hostium
879 2059 968 2102 naves
989 2041 1245 2104 transcendebant

199 2224 246 2279 58.
266 2226 289 2274 1.
308 2223 410 2287 eonfid,
428 2224 479 2274 wie
497 2239 518 2276 c.
537 2228 577 2286 56,
598 2229 609 2276 1
628 2228 679 2275 un'.
731 2223 836 2276 niseben
849 2224 1040 2291 Benennungen
1052 2224 1245 2294 derSehill'sge·

167 2321 200 2328 -
218 2291 367 2354 eludebant,
390 2293 428 2342 sie
451 2291 538 2343 hatten
561 2292 610 2343 den
628 2291 681 2344 An·
729 2292 886 2344 rdtscbalten
904 2294 986 2345 noch
1005 2293 1098 2346 nicht
1121 2293 1244 2348 kannten.

166 2358 313 2424 greilenden
335 2374 393 2409 num
411 2359 515 2422 benten,
538 2359 624 2412 indem
642 2362 680 2413 sie
730 2358 897 2425 Nequedum
908 2361 972 2412 und
984 2363 1068 2413 noch
1080 2361 1180 2414 nieht
1193 2363 1244 2416 Cic.

166 2425 392 2491 seinenAngriffeu
404 2427 560 2479 auswichen.
573 2428 626 2483 biv.
638 2432 678 2494 21,
731 2427 762 2479 ad
781 2428 834 2480 An.
855 2432 894 2492 14,
915 2432 953 2493 10,
967 2435 995 2481 4:
1013 2429 1060 2480 ille
1077 2434 1167 2480 aulem
1179 2432 1245 2498 quid

166 2498 245 2559 out:
264 2492 399 2545 Romanus
411 2511 549 2546 conserere
558 2512 680 2563 pugnem
730 2501 797 2560 agat
819 2499 844 2546 si
865 2500 918 2548 seis
942 2498 1091 2563 nequedum
1113 2497 1199 2550 Remu
1218 2514 1246 2550 es

164 2563 246 2624 oella;
273 2567 370 2613 centra
396 2563 502 2614 eludere
528 2565 628 2616 Poenus
654 2570 680 2615 el
728 2562 879 2630 profectus,
906 2569 1008 2616 condus
1030 2567 1068 2616 ad
1093 2582 1135 2616 me
1157 2568 1245 2619 uelim.

165 2636 232 2692 erte,
255 2646 311 2681 nen
334 2634 363 2681 oi
384 2648 442 2681 rem
457 2639 560 2697 gerere.
578 2661 611 2672 -
629 2636 679 2684 dm·
728 2631 822 2697 Neque
834 2637 922 2694 etium,
939 2634 990 2685 wie
1002 2634 1065 2696 hier,
1082 2634 1146 2686 und
1157 2635 1244 2688 nieht

163 2705 292 2765 petreque
303 2715 358 2750 non
370 2703 555 2765 eneipielant:
566 2701 604 2753 sie
616 2702 678 2752 nab·
730 2700 848 2752 einmal
869 2705 891 2763 1,
904 2705 927 2764 5,
943 2705 955 2754 1
969 2702 1020 2753 und
1036 2701 1067 2752 B.
1080 2702 1109 2753 G.
1122 2707 1146 2766 t,
1160 2705 1201 2767 52,
1215 2708 1243 2756 1:

164 2782 223 2818 men
236 2767 276 2818 die
289 2766 550 2833 Angrillenichtaul‚
567 2769 677 2820 soudern
728 2783 814 2832 neque
841 2772 921 2819 etiam
946 2769 1060 2834 parvulo
1085 2770 1243 2822 mmmmm

164 2834 400 2902 wicbenplotzlicb
414 2851 468 2898 aus,
486 2835 679 2902 umgingendie
729 2837 841 2887 illerum
867 2837 954 2888 locum
979 2838 1098 2903 relinqui
1119 2840 1244 2902 eldelul5

164 2903 271 2968 Geguer,
291 2903 380 2968 griffen
399 2904 439 2954 ein
454 2903 537 2955 Scbill
552 2905 598 2955 mit
609 2905 679 2956 meh·
730 2904 882 2969 obernum,
906 2905 957 2956 wie
973 2922 1059 2971 neque
1076 2907 1148 2972 dum,
1172 2906 1244 2959 ‘und

163 2986 236 3022 reren
254 2987 287 3022 an
305 2971 366 3022 oder
384 2971 501 3023 streisten
520 2973 554 3022 lm
571 2971 679 3023 Vorbei·
730 2973 811 3024 noch
829 2973 941 3037 nicbt’,
960 2989 981 3025 z.
994 2973 1023 3026 B.
1037 2973 1065 3024 Β.
1079 2973 1109 3027 d.
1122 2978 1146 3039 6,
1159 2978 1201 3039 43,
1213 2978 1241 3028 4:

164 3039 254 3090 fabren
278 3038 320 3089 die
343 3038 429 3091 Ruder
452 3039 498 3090 des
523 3039 679 3092 leindlieben
729 3057 778 3090 nee
798 3040 880 3106 plane
901 3044 982 3092 etiam
1012 3043 1097 3092 abisse
1120 3059 1156 3094 ea,-
1182 3059 1244 3094 eon·

165 3105 274 3157 Schilles
286 3105 326 3158 ab.
345 3105 381 3157 Zu
390 3110 567 3173 impetusque
586 3124 679 3159 eornm
729 3113 823 3173 speetu
832 3110 1022 3160 eonmnderend
1030 3109 1083 3161 und
1092 3111 1144 3162 Cle.
1151 3110 1243 3163 adliti-

164 3189 229 3223 non
248 3179 296 3224 eet.
315 3172 355 3223 fiir
371 3190 465 3239 neque,
482 3175 582 3227 welche
600 3175 679 3227 Tren·
731 3179 754 3238 8,
767 3175 838 3239 121),
857 3181 882 3228 l:
900 3194 985 3242 neque
999 3182 1136 3244 etiamque·
1150 3195 1185 3229 en·
1200 3178 1243 3230 de-
1265 3207 1267 3211 ·

165 3255 236 3305 nung
247 3240 291 3291 der
303 3238 430 3305 Negation
448 3256 500 3292 von
519 3241 564 3293 der
581 3243 677 3309 Copula
730 3242 840 3293 leodibus
852 3248 997 3311 conscripti
1012 3251 1077 3296 eunt
1094 3264 1111 3297 e
1129 3247 1244 3298 consuli·

164 3324 210 3359 zur
222 3307 397 3373 Verstarkung
417 3308 462 3359 der
475 3312 585 3360 ersteren
599 3310 677 3374 dient,
729 3313 785 3374 ltu,
795 3319 982 3364 eereoenernnt.
998 3313 1044 3366 Die
1054 3314 1112 3365 Abl.
1122 3315 1176 3368 abs.
1186 3314 1244 3367 sind

164 3376 217 3442 vgl.
231 3391 253 3428 c,
266 3378 307 3440 81,
320 3379 349 3426 2:
368 3382 393 3426 el
410 3377 583 3428 tabenaculo
594 3383 678 3429 steten·
729 3393 762 3428 zu
771 3377 911 3430 verbinden
925 3381 972 3432 mit
984 3387 1106 3448 repente:
1113 3383 1244 3448 producti

160 3459 259 3510 purnes
275 3459 329 3493 non
348 3448 394 3494 est.
421 3443 449 3494 B.
469 3444 498 3496 G.
517 3446 541 3507 3,
554 3447 594 3510 29,
608 3448 634 3498 2:
653 3452 680 3497 et
729 3451 808 3496 erum
824 3452 933 3512 repente
954 3454 980 3499 et
995 3453 1036 3501 ite
1057 3456 1096 3501 ul.
1113 3479 1148 3489 —
1165 3466 1244 3502 usum

165 3512 269 3562 diutius
285 3513 332 3561 eud
346 3511 463 3576 pellibus
480 3513 579 3564 militen
596 3517 679 3565 cond·
730 3514 888 3566 celendletis:
905 3514 947 3567 die
959 3516 1167 3582 Breucbbarkeit,
1179 3518 1244 3572 wel-

162 3582 224 3630 neri
239 3594 294 3629 nen
308 3585 425 3645 possent.
453 3586 479 3644 5,
492 3585 533 3643 43,
547 3586 577 3634 5:
594 3598 678 3633 recen·
730 3582 1120 3652 chedieSebnelligkeilgiebt.
1138 3586 1197 3654 Vgl.
1211 3602 1243 3640 nu

162 3663 273 3712 sumque
280 3650 367 3712 prim
383 3649 486 3700 ultimis
502 3665 558 3700 nen
570 3651 678 3702 delent.
729 3665 750 3702 e.
769 3653 810 3715 42,
829 3655 852 3704 3.

198 3718 222 3767 2.
240 3714 380 3776 artificiis:
400 3717 573 3784 Knnslgrille,
590 3717 678 3770 bland·
762 3722 787 3770 4.
805 3720 868 3770 dnm
880 3749 914 3758 -
927 3722 1054 3772 Mretur:
1076 3725 1161 3774 ‘wenn
1178 3725 1242 3789 nnr’,

162 3798 216 3834 ver.
728 3786 779 3838 wie
796 3788 945 3853 dummodo.
970 3817 1002 3827 -
1027 3806 1113 3855 nequo
1137 3794 1243 3843 enimn:

197 3854 220 3903 3.
243 3867 329 3917 neque
352 3854 415 3904 dnm
438 3857 520 3904 etiem
542 3854 678 3904 vocabulis
728 3854 810 3920 rubig,
831 3857 971 3923 unbesorgt
987 3873 1031 3909 um
1048 3858 1097 3909 deu
1110 3857 1242 3926 Ausgang.

164 3935 229 3972 am.
242 3936 332 3986 cogn:
349 3921 411 3973 und
430 3937 529 3988 sogar
547 3920 589 3974 die
607 3923 677 3974 tech-
729 3950 761 3962 —-
774 3924 881 3992 divensi,
901 3926 967 3977 nach
979 3924 1072 3978 beiden
1085 3924 1173 3978 Seiten
1185 3926 1242 3979 hin-
