2626 4416
132 233 175 292 40
537 233 579 285 llll
597 232 699 286 BELLO
718 231 809 285 GlVlLl

134 407 290 486 regionum
314 423 421 484 magno
437 404 590 484 proposito
610 404 743 483 praemio
764 422 831 465 cum
847 405 952 465 litteris
966 405 1069 479 mittit,
1092 406 1143 485 qui
1158 426 1216 486 pc·

36 556 38 560 ,
134 500 199 552 tant
213 498 301 569 atque
318 498 414 562 orent,
429 499 463 551 ut
478 490 534 551 sibi
549 489 718 550 subveniat:
735 489 887 551 Caesarem
903 489 1019 551 duobus
1035 491 1219 555 exercitibus

135 586 164 637 et
178 577 314 636 locorum
328 575 473 653 angustiis
494 575 579 635 facile
600 574 757 635 intercludi
778 593 866 653 posse
885 575 1095 654 frumentoque
1110 577 1216 656 prohi-

97 671 113 720 2
134 661 208 722 beri.
243 660 329 730 Quod
346 660 402 720 nisi
424 660 541 733 lecerit,
564 678 595 720 se
611 660 808 737 cohortesque
830 660 956 739 amplius
977 678 1035 720 xxx
1055 679 1215 741 magnum-

136 763 194 823 que
210 763 368 805 numerum
383 755 555 806 senatorum
570 754 657 822 atque
680 744 813 822 equitum
829 745 1032 806 Romanorum
1046 745 1077 806 in
1093 748 1216 825 pericu·

97 841 112 890 3
134 831 196 891 lum
212 849 275 891 esse
290 840 457 891 venturum.
487 830 611 891 Interim
633 809 703 890 siros
718 830 889 891 cohortatus
909 839 1058 891 tormenta
1072 831 1102 892 in
1118 833 1218 894 muris

135 915 267 995 disponit
287 924 441 994 certasque
463 915 572 993 cuique
593 923 691 994 partes
719 915 754 974 ad
776 915 939 977 custodiam
959 915 1042 977 urbis
1064 916 1216 994 attribuit3

96 1011 112 1061 4
134 1000 275 1061 militibus
287 1001 317 1060 in
334 1001 475 1061 contione
487 1019 574 1079 agros
586 1019 622 1060 cx
637 999 698 1059 suis
708 1000 946 1078 possessionibus
957 1001 1123 1080 pollicetur,
1139 1021 1218 1080 qua·

133 1095 218 1146 terna
233 1085 264 1145 in
287 1085 420 1165 singulos
441 1086 542 1164 iugera
564 1091 594 1145 et
608 1102 663 1163 pro
684 1093 747 1144 rata
762 1094 845 1164 parte
867 1085 1093 1147 centurionibus
1108 1105 1215 1148 evoca-

134 1171 239 1248 tisque.

218 1250 273 1318 18.
298 1253 420 1314 Interim
433 1252 549 1315 Caesari
565 1254 719 1315 nuntiatur
735 1255 956 1328 Sulmonenses,
975 1257 1053 1334 quod
1070 1255 1215 1334 oppidum

133 1358 149 1399 a
165 1337 295 1400 Corfinio
311 1358 348 1398 vu
363 1338 476 1400 milium
492 1339 644 1400 intervallo
657 1339 748 1415 abest,
764 1358 874 1419 cupere
891 1359 923 1400 ea
936 1341 1041 1413 lacere,
1057 1359 1132 1418 quac
1150 1342 1215 1402 vel-

133 1424 182 1496 let,
198 1425 281 1485 seda
302 1422 337 1494 Q.
354 1423 493 1484 Lucretio
515 1432 652 1485 senatore
676 1434 706 1485 et
720 1425 798 1485 Attio
822 1425 945 1504 Peligno
968 1424 1136 1504 prohiberi,
1159 1426 1213 1504 qui

96 1517 111 1566 2
132 1508 161 1568 id
177 1509 320 1587 oppidum
336 1527 373 1568 vn
388 1508 555 1569 cohortium
579 1509 725 1588 praesidio
747 1509 898 1570 tenebant.
928 1510 1018 1570 Mittit
1040 1510 1210 1570 501115-

132 1593 248 1653 tonium
264 1612 332 1654 cum
353 1593 478 1672 legionis
492 1613 542 1654 xm
565 1593 739 1655 cohortibus
760 1595 901 1672 quinque.
933 1594 1155 1669 Sulmonenses,
1172 1596 1214 1657 si·

131 1679 283 1756 mulatque
298 1678 382 1756 signa
403 1687 506 1739 nostra
520 1679 667 1754 viderunt,
690 1687 792 1758 portas
807 1688 991 1758 aperuerunt
1012 1680 1214 1759 universique,

96 1771 111 1820 3
133 1771 162 1822 et
177 1763 318 1842 oppidani
334 1772 363 1823 et
378 1763 495 1836 milites,
513 1764 627 1824 obviam
638 1764 820 1843 gratulantes
831 1765 961 1825 Antonio
972 1765 1118 1825 exierunt.
1148 1765 1211 1825 Lu-

131 1848 241 1908 cretius
256 1857 286 1908 et
300 1848 396 1909 Attius
411 1850 448 1909 de
462 1867 548 1910 muro
565 1869 596 1910 se
606 1849 788 1910 deiecerunt.
822 1849 918 1910 Attius
930 1850 965 1910 ad
977 1849 1139 1910 Antonium
1156 1851 1209 1911 de-

131 1933 237 1994 ductus
251 1933 340 2012 petit,
363 1943 396 1994 ut
417 1935 452 1994 ad
469 1933 621 1995 Caesarem
637 1935 812 1995 mitteretur.
849 1934 997 1995 Antonius
1016 1953 1084 1996 cum
1102 1936 1214 1996 cohor·

131 2072 238 2116 tremat.
255 2093 289 2102 -
306 2066 454 2117 intercludi
472 2083 562 2131 posse:
592 2082 644 2118 von
696 2066 748 2118 viel
762 2065 833 2130 Sold,
851 2067 889 2118 als
907 2065 1106 2120 diedemeineu.
1138 2066 1214 2120 Nach

130 2131 335 2198 demWegevor-
344 2132 556 2198 undrhcltwarts,
565 2133 645 2186 durch
697 2134 794 2187 diesem
803 2132 1083 2186 verhtltnissesollten
1096 2136 1211 2188 sieauch

131 2199 196 2250 zwei
214 2199 259 2251 aul
269 2200 362 2252 beiden
375 2199 464 2252 Seiten
480 2201 644 2267 aulgcstellte
695 2202 738 2254 bei
765 2203 809 2254 der
831 2201 983 2268 Verteilung
1008 2202 1119 2254 bedacht
1147 2218 1216 2255 wer·

130 2266 225 2332 lleere,
248 2271 405 2319 unterstsxtzt
422 2266 502 2319 durch
520 2269 566 2320 das
584 2268 645 2320 Ter·
696 2270 753 2323 den.

130 2335 192 2386 rain.
219 2333 277 2400 l'gl.
291 2351 312 2387 c.
325 2338 367 2400 40,
381 2337 408 2396 33
428 2338 469 2400 48,
482 2341 509 2397 43
529 2339 553 2401 3,
566 2339 607 2402 69,
619 2341 643 2390 4.
729 2339 774 2394 18.
795 2342 814 2391 l.
834 2337 1027 2403 Sulmonenses,
1048 2339 1121 2404 quod
1138 2343 1216 2406 oppi-

165 2405 188 2456 2.
208 2402 285 2466 Quod
307 2406 361 2454 nice·
380 2403 490 2468 fecerit,
513 2404 537 2457 d.
556 2405 573 2455 i.
591 2407 646 2455 nist
695 2406 767 2457 dnm.
795 2405 847 2457 llas
859 2404 1088 2472 Beziehungswort
1100 2407 1168 2458 kann
1184 2407 1213 2462 in

129 2470 405 2524 subvenerit=doni
416 2471 471 2523 Fut.
485 2476 566 2524 exact.
579 2473 644 2525 nach
696 2473 753 2525 dem
779 2473 936 2525 Relativsatz
967 2474 1120 2526 wiederholt
1148 2475 1216 2528 oder

130 2538 213 2590 ciuem
226 2538 305 2604 Prin,
317 2538 367 2590 wie
380 2538 445 2591 nach
457 2539 541 2592 einem
553 2540 642 2593 histor.
695 2540 775 2592 durch
788 2542 828 2593 ein
838 2541 945 2594 anderes
956 2541 1029 2595 Wort
1039 2546 1135 2594 ersetzt
1143 2557 1215 2595 wer-

129 2605 242 2674 'lempns
268 2606 313 2658 der
336 2607 408 2662 Goni.
433 2607 538 2675 Plusqu.
565 2609 643 2663 steht.
695 2609 752 2660 den.
788 2608 823 2662 So
847 2608 946 2662 hommt
964 2625 992 2663 es
1010 2611 1052 2662 bei
1071 2610 1148 2663 Gasar
1165 2611 1216 2663 be·

128 2673 199 2726 boch
211 2673 292 2726 findet
302 2675 358 2727 sich
369 2675 411 2727 bei
423 2675 522 2728 minden
531 2691 644 2744 genauer
695 2677 800 2728 sonders
824 2676 912 2744 hdufig
931 2695 991 2741 vor,
1016 2678 1070 2730 dass
1095 2677 1135 2730 ihr
1159 2679 1211 2731 deu

129 2741 378 2810 Berdcltsichtigung
405 2743 451 2796 des
475 2744 644 2796 Zeitrerb'ailt-
695 2742 793 2796 Numen
810 2745 856 2798 des
874 2744 955 2798 Volks
979 2745 1025 2797 der
1041 2746 1087 2798 des
1106 2746 1211 2800 Staates

129 2810 211 2862 nisses
238 2810 280 2862 bei
303 2810 379 2863 Chsar
403 2812 441 2864 olt
467 2812 501 2862 im
528 2815 643 2864 eisteten
695 2811 756 2864 oder
768 2813 813 2864 der
826 2812 900 2865 Stadt
915 2814 966 2866 oud
984 2815 1024 2866 lur
1036 2815 1124 2867 diesen
1133 2816 1213 2880 jener

129 2877 198 2930 Falle
216 2878 262 2930 der
279 2879 350 2930 Goni.
368 2877 448 2943 Pras,
464 2879 501 2931 im
517 2878 642 2931 letzteren
694 2883 794 2946 gesctzt
817 2882 894 2942 wird3
918 2896 939 2934 z.
952 2880 982 2935 B.
1000 2880 1030 2933 B.
1043 2881 1071 2934 G.
1088 2886 1112 2947 2,
1126 2886 1167 2948 35,
1180 2886 1210 2936 3;

127 2946 173 2998 der
190 2947 261 2998 Goni.
279 2947 379 3015 lmperl.
416 2946 441 2999 S.
464 2963 497 2998 zu
515 2949 539 3012 3,
560 2949 599 3012 12,
617 2951 642 3000 4.
693 2949 783 3000 Andes
797 2949 975 3015 Turonasqua,
994 2966 1062 3015 quoe
1080 2953 1210 3018 deitates,

161 3018 185 3067 4.
212 3030 296 3080 agros
312 3015 471 3081 pollicetur.
515 3014 641 3068 Domitius
693 3015 724 3069 B.
741 3017 768 3068 G.
787 3019 811 3081 3,
831 3019 872 3082 80,
892 3020 920 3068 t:
941 3016 1062 3085 Gomphi,
1080 3019 1153 3084 quod
1170 3025 1212 3071 est

128 3081 198 3132 hatte
219 3083 285 3139 uach
303 3083 373 3135 (lass.
390 3082 437 3136 llio
457 3087 498 3149 41,
519 3086 547 3136 11
567 3087 644 3136 unter
695 3085 821 3151 oppidum
834 3088 956 3150 primum
971 3084 1121 3137 Thessaliae
1137 3091 1211 3138 veni·

129 3147 200 3200 Sulla
218 3149 303 3215 grosse
320 3150 477 3202 Lindereien
499 3152 641 3204 eruorben.
694 3155 798 3204 entibcu
816 3155 848 3203 ab
865 3153 966 3218 Epiro,
989 3170 1057 3219 quae
1071 3170 1140 3220 gem
1156 3160 1206 3207 cet.

128 3215 223 3268 Seinen
238 3216 372 3269 Rcichtum
388 3218 498 3270 beweist
516 3219 582 3271 auch
599 3219 641 3270 die
693 3249 727 3257 -
744 3221 887 3271 intervallo
906 3222 986 3272 abeat.
1014 3221 1039 3274 S.
1050 3238 1082 3274 zu
1092 3225 1116 3285 2,
1127 3225 1168 3288 38,
1179 3225 1209 3285 3;

126 3285 290 3351 Ausmstung
313 3285 365 3336 und
382 3283 549 3353 chaunung
570 3286 640 3338 eines
691 3287 721 3338 B.
731 3287 760 3340 G.
772 3291 879 3353 1,11,5.
896 3317 930 3325 -
943 3289 1209 3343 tenebanterlrl'aren-

127 3350 311 3405 Geschwaders
329 3369 350 3404 c.
365 3355 405 3417 34,
419 3356 445 3414 2;
464 3356 504 3418 56,
518 3357 541 3407 3.
560 3383 593 3391 -
610 3357 641 3405 in
692 3355 737 3407 der
749 3356 840 3408 Zusatz
854 3355 899 3408 des
912 3355 1118 3422 Schriltstellers,
1135 3359 1207 3410 nicht

126 3421 248 3485 singulos
268 3436 313 3473 zur
335 3419 443 3486 Angabe
467 3420 512 3472 des
532 3421 640 3488 butella,
692 3438 751 3474 zum
774 3423 857 3476 lnhalt
881 3423 925 3476 der
945 3423 1068 3492 bleldung
1091 3425 1206 3492 gehdrig.

127 3487 172 3539 der
188 3488 231 3539 bei
243 3487 450 3556 derVerteilung
468 3488 513 3541 aul
529 3489 570 3541 die
582 3489 641 3540 Eiu-
691 3490 721 3544 B.
741 3490 770 3545 G.
791 3495 814 3554 2,
832 3496 858 3557 4,
878 3495 917 3544 10.

126 3556 216 3608 zelnen
230 3555 295 3620 sallt,
308 3572 362 3608 war
373 3557 437 3608 nach
448 3556 505 3609 dem
515 3556 640 3609 Distribu-
727 3561 786 3612 3.se
797 3560 968 3612 deiecerant:
982 3575 1109 3630 sprangen
1118 3561 1206 3612 herab.

127 3625 206 3676 tivum
233 3624 399 3679 entbebrlich.
434 3624 536 3678 Ebenso
558 3642 580 3678 c.
598 3629 640 3692 52,
693 3627 743 3679 Cic.
762 3628 794 3680 ad
811 3629 864 3682 An.
884 3631 907 3694 8,
926 3633 951 3694 4,
970 3631 998 3682 3:
1033 3629 1160 3681 Sulmone
1179 3629 1208 3680 0.

127 3693 153 3751 2;
170 3693 224 3743 Liv.
237 3695 278 3755 35,
291 3695 338 3745 4οι
357 3695 441 3759 quina
458 3693 527 3745 dena
544 3697 641 3758 iugera
691 3697 796 3748 Attium
814 3698 953 3764 Pelignum
970 3702 1107 3764 operuisse
1121 3697 1207 3748 Anto-

126 3760 411 3826 datotnsinguloe.—
422 3777 475 3828 pro
488 3767 550 3812 rato
560 3767 640 3828 parte
692 3767 739 3814 nio
759 3770 868 3832 portua,
893 3782 952 3818 cum
976 3771 1062 3816 essent
1084 3767 1207 3815 cobortes

127 3832 379 3896 contemnensque.
410 3829 456 3881 Die
469 3829 640 3883 Centurionen
693 3834 818 3899 quinque,
837 3834 867 3898 Q.
885 3834 1040 3885 Lucretium
1057 3834 1121 3885 inde
1139 3833 1206 3896 effa-

126 3895 178 3946 und
203 3898 302 3949 evocati
329 3897 453 3950 erhielten
475 3897 582 3966 doppelt
611 3913 640 3951 so
689 3903 762 3966 gissa
778 3905 838 3958 aeis.
