<?xml version="1.0" encoding="UTF-8"?>
<!DOCTYPE html PUBLIC "-//W3C//DTD XHTML 1.0 Transitional//EN"
    "http://www.w3.org/TR/xhtml1/DTD/xhtml1-transitional.dtd">
<html xmlns="http://www.w3.org/1999/xhtml" xml:lang="en" lang="en">
 <head>
  <title>
</title>
<meta http-equiv="Content-Type" content="text/html;charset=utf-8" />
  <meta name='ocr-system' content='tesseract 3.04.00' />
  <meta name='ocr-capabilities' content='ocr_page ocr_carea ocr_par ocr_line ocrx_word'/>
</head>
<body>
  <div class='ocr_page' id='page_1' title='image "./ciuliicaesarisc01caesgoog/ciuliicaesarisc01caesgoog_0079.png"; bbox 0 0 2626 4416; ppageno 0'>
   <div class='ocr_carea' id='block_1_1' title="bbox 138 260 808 321">
    <p class='ocr_par' dir='ltr' id='par_1_1' title="bbox 138 260 808 321">
     <span class='ocr_line' id='line_1_1' title="bbox 138 260 808 321; baseline -0.009 0"><span class='ocrx_word' id='word_1_1' title='bbox 138 260 179 321; x_wconf 82' lang='lat'><strong>72</strong></span> <span class='ocrx_word' id='word_1_2' title='bbox 536 264 578 317; x_wconf 85' lang='lat' dir='ltr'><strong>DE</strong></span> <span class='ocrx_word' id='word_1_3' title='bbox 595 263 698 317; x_wconf 75' lang='lat' dir='ltr'><strong>Bucco</strong></span> <span class='ocrx_word' id='word_1_4' title='bbox 715 263 808 317; x_wconf 83' lang='lat' dir='ltr'><strong>ClVlLl</strong></span> 
     </span>
    </p>
   </div>
   <div class='ocr_carea' id='block_1_2' title="bbox 97 433 1216 1872">
    <p class='ocr_par' dir='ltr' id='par_1_2' title="bbox 97 433 1216 1872">
     <span class='ocr_line' id='line_1_2' title="bbox 223 433 1214 514; baseline -0.002 -16"><span class='ocrx_word' id='word_1_5' title='bbox 223 433 278 500; x_wconf 83' lang='lat'><strong>51.</strong></span> <span class='ocrx_word' id='word_1_6' title='bbox 302 436 462 496; x_wconf 78' lang='lat' dir='ltr'><strong>Nuntiatur</strong></span> <span class='ocrx_word' id='word_1_7' title='bbox 475 436 596 496; x_wconf 83' lang='lat' dir='ltr'><strong>Afranio</strong></span> <span class='ocrx_word' id='word_1_8' title='bbox 618 454 742 514; x_wconf 84' lang='lat' dir='ltr'><strong>magnos</strong></span> <span class='ocrx_word' id='word_1_9' title='bbox 764 444 960 507; x_wconf 85' lang='lat' dir='ltr'><strong>commeatus,</strong></span> <span class='ocrx_word' id='word_1_10' title='bbox 983 435 1034 511; x_wconf 94' lang='lat' dir='ltr'><strong>qui</strong></span> <span class='ocrx_word' id='word_1_11' title='bbox 1052 433 1108 495; x_wconf 87' lang='lat' dir='ltr'><strong>iter</strong></span> <span class='ocrx_word' id='word_1_12' title='bbox 1123 434 1214 496; x_wconf 88' lang='lat' dir='ltr'><strong>habe-</strong></span> 
     </span>
     <span class='ocr_line' id='line_1_3' title="bbox 136 519 1213 598; baseline 0 -17"><span class='ocrx_word' id='word_1_13' title='bbox 136 522 209 581; x_wconf 88' lang='lat' dir='ltr'><strong>bant</strong></span> <span class='ocrx_word' id='word_1_14' title='bbox 223 522 259 580; x_wconf 92' lang='lat' dir='ltr'><strong>ad</strong></span> <span class='ocrx_word' id='word_1_15' title='bbox 274 519 443 594; x_wconf 85' lang='lat' dir='ltr'><strong>Caesarem,</strong></span> <span class='ocrx_word' id='word_1_16' title='bbox 465 522 501 580; x_wconf 92' lang='lat' dir='ltr'><strong>ad</strong></span> <span class='ocrx_word' id='word_1_17' title='bbox 515 520 626 581; x_wconf 87' lang='lat' dir='ltr'><strong>flumen</strong></span> <span class='ocrx_word' id='word_1_18' title='bbox 642 520 819 581; x_wconf 76' lang='lat' dir='ltr'><strong>constitisse.</strong></span> <span class='ocrx_word' id='word_1_19' title='bbox 849 519 1000 579; x_wconf 87' lang='lat' dir='ltr'><strong>Venerant</strong></span> <span class='ocrx_word' id='word_1_20' title='bbox 1013 536 1049 579; x_wconf 97' lang='lat' dir='ltr'><strong>eo</strong></span> <span class='ocrx_word' id='word_1_21' title='bbox 1070 520 1213 598; x_wconf 86' lang='lat' dir='ltr'><strong>sagittarii</strong></span> 
     </span>
     <span class='ocr_line' id='line_1_4' title="bbox 137 603 1213 682; baseline 0 -16"><span class='ocrx_word' id='word_1_22' title='bbox 137 626 172 666; x_wconf 85' lang='lat' dir='ltr'><strong>ex</strong></span> <span class='ocrx_word' id='word_1_23' title='bbox 188 605 328 679; x_wconf 77' lang='lat' dir='ltr'><strong>RuteniS,</strong></span> <span class='ocrx_word' id='word_1_24' title='bbox 353 605 467 682; x_wconf 84' lang='lat' dir='ltr'><strong>equites</strong></span> <span class='ocrx_word' id='word_1_25' title='bbox 488 624 523 666; x_wconf 87' lang='lat' dir='ltr'><strong>ex</strong></span> <span class='ocrx_word' id='word_1_26' title='bbox 540 605 629 665; x_wconf 84' lang='lat' dir='ltr'><strong>Gallia</strong></span> <span class='ocrx_word' id='word_1_27' title='bbox 652 623 720 665; x_wconf 92' lang='lat' dir='ltr'><strong>cum</strong></span> <span class='ocrx_word' id='word_1_28' title='bbox 742 604 842 664; x_wconf 86' lang='lat' dir='ltr'><strong>multis</strong></span> <span class='ocrx_word' id='word_1_29' title='bbox 860 604 952 665; x_wconf 90' lang='lat' dir='ltr'><strong>carris</strong></span> <span class='ocrx_word' id='word_1_30' title='bbox 966 603 1142 682; x_wconf 82' lang='lat' dir='ltr'><strong>magnisque</strong></span> <span class='ocrx_word' id='word_1_31' title='bbox 1156 605 1213 666; x_wconf 88' lang='lat' dir='ltr'><strong>irn-</strong></span> 
     </span>
     <span class='ocr_line' id='line_1_5' title="bbox 100 688 1213 771; baseline -0.003 -17"><span class='ocrx_word' id='word_1_32' title='bbox 100 705 114 754; x_wconf 80' lang='lat'><strong>2</strong></span> <span class='ocrx_word' id='word_1_33' title='bbox 136 689 328 771; x_wconf 86' lang='lat' dir='ltr'><strong>pedimentis,</strong></span> <span class='ocrx_word' id='word_1_34' title='bbox 351 698 385 749; x_wconf 90' lang='lat' dir='ltr'><strong>nt</strong></span> <span class='ocrx_word' id='word_1_35' title='bbox 399 691 458 750; x_wconf 86' lang='lat' dir='ltr'><strong>fert</strong></span> <span class='ocrx_word' id='word_1_36' title='bbox 472 689 581 750; x_wconf 86' lang='lat' dir='ltr'><strong>Gallica</strong></span> <span class='ocrx_word' id='word_1_37' title='bbox 600 690 793 751; x_wconf 89' lang='lat' dir='ltr'><strong>consuetudo.</strong></span> <span class='ocrx_word' id='word_1_38' title='bbox 824 688 917 748; x_wconf 87' lang='lat' dir='ltr'><strong>Erant</strong></span> <span class='ocrx_word' id='word_1_39' title='bbox 938 699 1090 767; x_wconf 88' lang='lat' dir='ltr'><strong>praeterea</strong></span> <span class='ocrx_word' id='word_1_40' title='bbox 1111 690 1213 752; x_wconf 78' lang='lat' dir='ltr'><strong>citius-</strong></span> 
     </span>
     <span class='ocr_line' id='line_1_6' title="bbox 137 773 1213 854; baseline 0.001 -19"><span class='ocrx_word' id='word_1_41' title='bbox 137 794 195 854; x_wconf 92' lang='lat' dir='ltr'><strong>que</strong></span> <span class='ocrx_word' id='word_1_42' title='bbox 211 775 328 853; x_wconf 92' lang='lat' dir='ltr'><strong>generis</strong></span> <span class='ocrx_word' id='word_1_43' title='bbox 343 775 497 835; x_wconf 91' lang='lat' dir='ltr'><strong>bominum</strong></span> <span class='ocrx_word' id='word_1_44' title='bbox 512 775 592 835; x_wconf 93' lang='lat' dir='ltr'><strong>milia</strong></span> <span class='ocrx_word' id='word_1_45' title='bbox 606 775 724 835; x_wconf 84' lang='lat' dir='ltr'><strong>circiter</strong></span> <span class='ocrx_word' id='word_1_46' title='bbox 737 793 765 833; x_wconf 84' lang='lat' dir='ltr'><strong>vr</strong></span> <span class='ocrx_word' id='word_1_47' title='bbox 781 792 849 834; x_wconf 90' lang='lat' dir='ltr'><strong>cum</strong></span> <span class='ocrx_word' id='word_1_48' title='bbox 863 775 955 834; x_wconf 84' lang='lat' dir='ltr'><strong>servis</strong></span> <span class='ocrx_word' id='word_1_49' title='bbox 970 773 1145 851; x_wconf 89' lang='lat' dir='ltr'><strong>liberisquc;</strong></span> <span class='ocrx_word' id='word_1_50' title='bbox 1160 777 1213 836; x_wconf 88' lang='lat' dir='ltr'><strong>sed</strong></span> 
     </span>
     <span class='ocr_line' id='line_1_7' title="bbox 137 859 1216 938; baseline -0.001 -17"><span class='ocrx_word' id='word_1_51' title='bbox 137 860 237 921; x_wconf 89' lang='lat' dir='ltr'><strong>nullus</strong></span> <span class='ocrx_word' id='word_1_52' title='bbox 252 860 333 932; x_wconf 90' lang='lat' dir='ltr'><strong>ordo,</strong></span> <span class='ocrx_word' id='word_1_53' title='bbox 349 861 464 920; x_wconf 92' lang='lat' dir='ltr'><strong>nullum</strong></span> <span class='ocrx_word' id='word_1_54' title='bbox 479 860 636 938; x_wconf 90' lang='lat' dir='ltr'><strong>imperium</strong></span> <span class='ocrx_word' id='word_1_55' title='bbox 650 869 774 932; x_wconf 89' lang='lat' dir='ltr'><strong>certum,</strong></span> <span class='ocrx_word' id='word_1_56' title='bbox 792 877 860 919; x_wconf 88' lang='lat' dir='ltr'><strong>cum</strong></span> <span class='ocrx_word' id='word_1_57' title='bbox 876 877 930 919; x_wconf 93' lang='lat' dir='ltr'><strong>sno</strong></span> <span class='ocrx_word' id='word_1_58' title='bbox 946 859 1072 936; x_wconf 87' lang='lat' dir='ltr'><strong>quisque</strong></span> <span class='ocrx_word' id='word_1_59' title='bbox 1086 860 1216 920; x_wconf 89' lang='lat' dir='ltr'><strong>consilio·</strong></span> 
     </span>
     <span class='ocr_line' id='line_1_8' title="bbox 137 944 1215 1022; baseline 0 -17"><span class='ocrx_word' id='word_1_60' title='bbox 137 953 272 1005; x_wconf 85' lang='lat' dir='ltr'><strong>uteretur</strong></span> <span class='ocrx_word' id='word_1_61' title='bbox 293 954 381 1022; x_wconf 89' lang='lat' dir='ltr'><strong>atque</strong></span> <span class='ocrx_word' id='word_1_62' title='bbox 397 963 501 1005; x_wconf 92' lang='lat' dir='ltr'><strong>omnes</strong></span> <span class='ocrx_word' id='word_1_63' title='bbox 522 945 587 1005; x_wconf 90' lang='lat' dir='ltr'><strong>sine</strong></span> <span class='ocrx_word' id='word_1_64' title='bbox 604 945 712 1004; x_wconf 89' lang='lat' dir='ltr'><strong>timore</strong></span> <span class='ocrx_word' id='word_1_65' title='bbox 732 945 788 1004; x_wconf 87' lang='lat' dir='ltr'><strong>iter</strong></span> <span class='ocrx_word' id='word_1_66' title='bbox 802 944 934 1004; x_wconf 85' lang='lat' dir='ltr'><strong>facerent</strong></span> <span class='ocrx_word' id='word_1_67' title='bbox 955 944 1002 1004; x_wconf 93' lang='lat' dir='ltr'><strong>usi</strong></span> <span class='ocrx_word' id='word_1_68' title='bbox 1023 944 1215 1022; x_wconf 83' lang='lat' dir='ltr'><strong>superiorum</strong></span> 
     </span>
     <span class='ocr_line' id='line_1_9' title="bbox 100 1027 1212 1108; baseline -0.002 -16"><span class='ocrx_word' id='word_1_69' title='bbox 100 1045 114 1092; x_wconf 77' lang='lat' dir='ltr'><strong>‘a</strong></span> <span class='ocrx_word' id='word_1_70' title='bbox 136 1041 303 1108; x_wconf 88' lang='lat' dir='ltr'><strong>temporum</strong></span> <span class='ocrx_word' id='word_1_71' title='bbox 326 1037 415 1107; x_wconf 89' lang='lat' dir='ltr'><strong>atquc</strong></span> <span class='ocrx_word' id='word_1_72' title='bbox 440 1030 581 1090; x_wconf 89' lang='lat' dir='ltr'><strong>itinerum</strong></span> <span class='ocrx_word' id='word_1_73' title='bbox 606 1029 733 1090; x_wconf 91' lang='lat' dir='ltr'><strong>licentia.</strong></span> <span class='ocrx_word' id='word_1_74' title='bbox 773 1027 867 1088; x_wconf 87' lang='lat' dir='ltr'><strong>Erant</strong></span> <span class='ocrx_word' id='word_1_75' title='bbox 895 1028 1064 1106; x_wconf 91' lang='lat' dir='ltr'><strong>complures</strong></span> <span class='ocrx_word' id='word_1_76' title='bbox 1092 1029 1212 1090; x_wconf 83' lang='lat' dir='ltr'><strong>honesti</strong></span> 
     </span>
     <span class='ocr_line' id='line_1_10' title="bbox 136 1113 1213 1192; baseline 0 -17"><span class='ocrx_word' id='word_1_77' title='bbox 136 1115 348 1188; x_wconf 82' lang='lat' dir='ltr'><strong>adulescentes,</strong></span> <span class='ocrx_word' id='word_1_78' title='bbox 364 1123 535 1174; x_wconf 88' lang='lat' dir='ltr'><strong>senatorum</strong></span> <span class='ocrx_word' id='word_1_79' title='bbox 550 1114 602 1174; x_wconf 88' lang='lat' dir='ltr'><strong>filii</strong></span> <span class='ocrx_word' id='word_1_80' title='bbox 614 1125 643 1174; x_wconf 93' lang='lat' dir='ltr'><strong>et</strong></span> <span class='ocrx_word' id='word_1_81' title='bbox 653 1114 766 1174; x_wconf 83' lang='lat' dir='ltr'><strong>ordinis</strong></span> <span class='ocrx_word' id='word_1_82' title='bbox 779 1113 938 1190; x_wconf 83' lang='lat' dir='ltr'><strong>equestris3</strong></span> <span class='ocrx_word' id='word_1_83' title='bbox 955 1123 1039 1172; x_wconf 88' lang='lat' dir='ltr'><strong>erant</strong></span> <span class='ocrx_word' id='word_1_84' title='bbox 1049 1113 1213 1192; x_wconf 82' lang='lat' dir='ltr'><strong>legationes</strong></span> 
     </span>
     <span class='ocr_line' id='line_1_11' title="bbox 137 1198 1215 1278; baseline 0 -18"><span class='ocrx_word' id='word_1_85' title='bbox 137 1201 301 1273; x_wconf 92' lang='lat' dir='ltr'><strong>civitatnm;</strong></span> <span class='ocrx_word' id='word_1_86' title='bbox 318 1208 403 1258; x_wconf 92' lang='lat' dir='ltr'><strong>erant</strong></span> <span class='ocrx_word' id='word_1_87' title='bbox 412 1199 501 1278; x_wconf 89' lang='lat' dir='ltr'><strong>legati</strong></span> <span class='ocrx_word' id='word_1_88' title='bbox 513 1199 653 1260; x_wconf 86' lang='lat' dir='ltr'><strong>Caesaris.</strong></span> <span class='ocrx_word' id='word_1_89' title='bbox 683 1198 744 1258; x_wconf 88' lang='lat' dir='ltr'><strong>llos</strong></span> <span class='ocrx_word' id='word_1_90' title='bbox 756 1216 860 1258; x_wconf 90' lang='lat' dir='ltr'><strong>omnes</strong></span> <span class='ocrx_word' id='word_1_91' title='bbox 870 1198 992 1257; x_wconf 85' lang='lat' dir='ltr'><strong>flumina</strong></span> <span class='ocrx_word' id='word_1_92' title='bbox 1007 1198 1215 1260; x_wconf 87' lang='lat' dir='ltr'><strong>continebant</strong></span> 
     </span>
     <span class='ocr_line' id='line_1_12' title="bbox 99 1283 1211 1362; baseline -0.001 -16"><span class='ocrx_word' id='word_1_93' title='bbox 99 1299 114 1346; x_wconf 84' lang='grc'><strong>4</strong></span> <span class='ocrx_word' id='word_1_94' title='bbox 136 1286 179 1345; x_wconf 79' lang='lat' dir='ltr'><strong>Ad</strong></span> <span class='ocrx_word' id='word_1_95' title='bbox 201 1287 257 1344; x_wconf 93' lang='lat' dir='ltr'><strong>hos</strong></span> <span class='ocrx_word' id='word_1_96' title='bbox 279 1283 490 1362; x_wconf 89' lang='lat' dir='ltr'><strong>opprimendos</strong></span> <span class='ocrx_word' id='word_1_97' title='bbox 512 1302 581 1344; x_wconf 91' lang='lat' dir='ltr'><strong>cum</strong></span> <span class='ocrx_word' id='word_1_98' title='bbox 604 1283 685 1344; x_wconf 94' lang='lat' dir='ltr'><strong>omni</strong></span> <span class='ocrx_word' id='word_1_99' title='bbox 707 1283 838 1360; x_wconf 90' lang='lat' dir='ltr'><strong>equitatu</strong></span> <span class='ocrx_word' id='word_1_100' title='bbox 867 1283 1022 1360; x_wconf 92' lang='lat' dir='ltr'><strong>tribusque</strong></span> <span class='ocrx_word' id='word_1_101' title='bbox 1043 1283 1211 1361; x_wconf 82' lang='lat' dir='ltr'><strong>legionibus</strong></span> 
     </span>
     <span class='ocr_line' id='line_1_13' title="bbox 135 1367 1212 1447; baseline -0.001 -17"><span class='ocrx_word' id='word_1_102' title='bbox 135 1368 274 1430; x_wconf 82' lang='lat' dir='ltr'><strong>Afranius</strong></span> <span class='ocrx_word' id='word_1_103' title='bbox 285 1369 321 1428; x_wconf 89' lang='lat' dir='ltr'><strong>de</strong></span> <span class='ocrx_word' id='word_1_104' title='bbox 334 1378 421 1428; x_wconf 92' lang='lat' dir='ltr'><strong>nocte</strong></span> <span class='ocrx_word' id='word_1_105' title='bbox 436 1369 634 1446; x_wconf 87' lang='lat' dir='ltr'><strong>proficiscitur</strong></span> <span class='ocrx_word' id='word_1_106' title='bbox 647 1369 910 1447; x_wconf 89' lang='lat' dir='ltr'><strong>imprudentesque</strong></span> <span class='ocrx_word' id='word_1_107' title='bbox 925 1376 996 1428; x_wconf 91' lang='lat' dir='ltr'><strong>ante</strong></span> <span class='ocrx_word' id='word_1_108' title='bbox 1012 1367 1109 1429; x_wconf 91' lang='lat' dir='ltr'><strong>missis</strong></span> <span class='ocrx_word' id='word_1_109' title='bbox 1126 1368 1212 1446; x_wconf 91' lang='lat' dir='ltr'><strong>eqni·</strong></span> 
     </span>
     <span class='ocr_line' id='line_1_14' title="bbox 136 1452 1212 1532; baseline 0 -18"><span class='ocrx_word' id='word_1_110' title='bbox 136 1456 216 1515; x_wconf 90' lang='lat' dir='ltr'><strong>tibus</strong></span> <span class='ocrx_word' id='word_1_111' title='bbox 236 1453 414 1532; x_wconf 90' lang='lat' dir='ltr'><strong>aggreditur.</strong></span> <span class='ocrx_word' id='word_1_112' title='bbox 448 1452 588 1514; x_wconf 86' lang='lat' dir='ltr'><strong>Celeriter</strong></span> <span class='ocrx_word' id='word_1_113' title='bbox 613 1473 677 1515; x_wconf 90' lang='lat' dir='ltr'><strong>sese</strong></span> <span class='ocrx_word' id='word_1_114' title='bbox 698 1464 797 1514; x_wconf 90' lang='lat' dir='ltr'><strong>tamen</strong></span> <span class='ocrx_word' id='word_1_115' title='bbox 818 1453 891 1513; x_wconf 86' lang='lat' dir='ltr'><strong>Galli</strong></span> <span class='ocrx_word' id='word_1_116' title='bbox 914 1453 1028 1530; x_wconf 88' lang='lat' dir='ltr'><strong>equites</strong></span> <span class='ocrx_word' id='word_1_117' title='bbox 1050 1453 1212 1531; x_wconf 83' lang='lat' dir='ltr'><strong>expediunt</strong></span> 
     </span>
     <span class='ocr_line' id='line_1_15' title="bbox 97 1537 1210 1618; baseline -0.003 -17"><span class='ocrx_word' id='word_1_118' title='bbox 97 1553 112 1601; x_wconf 78' lang='lat'><strong>5</strong></span> <span class='ocrx_word' id='word_1_119' title='bbox 134 1538 340 1618; x_wconf 90' lang='lat' dir='ltr'><strong>proeliumque</strong></span> <span class='ocrx_word' id='word_1_120' title='bbox 355 1538 552 1599; x_wconf 87' lang='lat' dir='ltr'><strong>committunt.</strong></span> <span class='ocrx_word' id='word_1_121' title='bbox 578 1539 611 1613; x_wconf 92' lang='lat' dir='ltr'><strong>li,</strong></span> <span class='ocrx_word' id='word_1_122' title='bbox 626 1541 695 1600; x_wconf 88' lang='lat' dir='ltr'><strong>dum</strong></span> <span class='ocrx_word' id='word_1_123' title='bbox 710 1539 775 1617; x_wconf 88' lang='lat' dir='ltr'><strong>pari</strong></span> <span class='ocrx_word' id='word_1_124' title='bbox 790 1538 952 1597; x_wconf 88' lang='lat' dir='ltr'><strong>certamine</strong></span> <span class='ocrx_word' id='word_1_125' title='bbox 963 1556 1012 1598; x_wconf 89' lang='lat' dir='ltr'><strong>res</strong></span> <span class='ocrx_word' id='word_1_126' title='bbox 1026 1537 1090 1616; x_wconf 91' lang='lat' dir='ltr'><strong>geri</strong></span> <span class='ocrx_word' id='word_1_127' title='bbox 1103 1538 1210 1617; x_wconf 91' lang='lat' dir='ltr'><strong>potuit,</strong></span> 
     </span>
     <span class='ocr_line' id='line_1_16' title="bbox 135 1622 1210 1702; baseline -0.001 -18"><span class='ocrx_word' id='word_1_128' title='bbox 135 1641 277 1702; x_wconf 88' lang='lat' dir='ltr'><strong>magnum</strong></span> <span class='ocrx_word' id='word_1_129' title='bbox 297 1623 427 1683; x_wconf 90' lang='lat' dir='ltr'><strong>hostium</strong></span> <span class='ocrx_word' id='word_1_130' title='bbox 444 1641 601 1683; x_wconf 90' lang='lat' dir='ltr'><strong>numerum</strong></span> <span class='ocrx_word' id='word_1_131' title='bbox 617 1625 703 1702; x_wconf 91' lang='lat' dir='ltr'><strong>pauci</strong></span> <span class='ocrx_word' id='word_1_132' title='bbox 718 1623 904 1697; x_wconf 84' lang='lat' dir='ltr'><strong>sustinuere3</strong></span> <span class='ocrx_word' id='word_1_133' title='bbox 920 1623 986 1696; x_wconf 84' lang='lat' dir='ltr'><strong>sed,</strong></span> <span class='ocrx_word' id='word_1_134' title='bbox 1001 1622 1054 1682; x_wconf 93' lang='lat' dir='ltr'><strong>ubi</strong></span> <span class='ocrx_word' id='word_1_135' title='bbox 1068 1623 1154 1701; x_wconf 84' lang='lat' dir='ltr'><strong>signa</strong></span> <span class='ocrx_word' id='word_1_136' title='bbox 1168 1623 1210 1684; x_wconf 93' lang='lat' dir='ltr'><strong>le·</strong></span> 
     </span>
     <span class='ocr_line' id='line_1_17' title="bbox 135 1707 1210 1788; baseline -0.001 -19"><span class='ocrx_word' id='word_1_137' title='bbox 135 1711 258 1788; x_wconf 87' lang='lat' dir='ltr'><strong>gionum</strong></span> <span class='ocrx_word' id='word_1_138' title='bbox 273 1708 514 1786; x_wconf 89' lang='lat' dir='ltr'><strong>appropinquare</strong></span> <span class='ocrx_word' id='word_1_139' title='bbox 530 1719 708 1787; x_wconf 87' lang='lat' dir='ltr'><strong>coeperunt,</strong></span> <span class='ocrx_word' id='word_1_140' title='bbox 731 1707 833 1787; x_wconf 92' lang='lat' dir='ltr'><strong>paucis</strong></span> <span class='ocrx_word' id='word_1_141' title='bbox 854 1707 968 1768; x_wconf 89' lang='lat' dir='ltr'><strong>amissis</strong></span> <span class='ocrx_word' id='word_1_142' title='bbox 983 1725 1048 1767; x_wconf 92' lang='lat' dir='ltr'><strong>sese</strong></span> <span class='ocrx_word' id='word_1_143' title='bbox 1062 1708 1092 1767; x_wconf 93' lang='lat' dir='ltr'><strong>in</strong></span> <span class='ocrx_word' id='word_1_144' title='bbox 1108 1708 1210 1786; x_wconf 85' lang='lat' dir='ltr'><strong>proxi-</strong></span> 
     </span>
     <span class='ocr_line' id='line_1_18' title="bbox 98 1793 1209 1872; baseline -0.002 -17"><span class='ocrx_word' id='word_1_145' title='bbox 98 1807 112 1855; x_wconf 85' lang='lat'><strong>6</strong></span> <span class='ocrx_word' id='word_1_146' title='bbox 133 1814 197 1856; x_wconf 89' lang='lat' dir='ltr'><strong>mos</strong></span> <span class='ocrx_word' id='word_1_147' title='bbox 212 1803 329 1854; x_wconf 90' lang='lat' dir='ltr'><strong>montes</strong></span> <span class='ocrx_word' id='word_1_148' title='bbox 344 1794 514 1853; x_wconf 84' lang='lat' dir='ltr'><strong>conferunt.</strong></span> <span class='ocrx_word' id='word_1_149' title='bbox 544 1793 607 1854; x_wconf 91' lang='lat' dir='ltr'><strong>Hoc</strong></span> <span class='ocrx_word' id='word_1_150' title='bbox 622 1812 739 1872; x_wconf 88' lang='lat' dir='ltr'><strong>pugnae</strong></span> <span class='ocrx_word' id='word_1_151' title='bbox 755 1802 872 1871; x_wconf 89' lang='lat' dir='ltr'><strong>tempus</strong></span> <span class='ocrx_word' id='word_1_152' title='bbox 887 1810 1027 1870; x_wconf 88' lang='lat' dir='ltr'><strong>magnum</strong></span> <span class='ocrx_word' id='word_1_153' title='bbox 1042 1793 1139 1854; x_wconf 89' lang='lat' dir='ltr'><strong>attulit</strong></span> <span class='ocrx_word' id='word_1_154' title='bbox 1154 1811 1209 1853; x_wconf 93' lang='lat' dir='ltr'><strong>no·</strong></span> 
     </span>
    </p>
   </div>
   <div class='ocr_carea' id='block_1_3' title="bbox 72 1961 648 3644">
    <p class='ocr_par' dir='ltr' id='par_1_3' title="bbox 132 1961 648 2430">
     <span class='ocr_line' id='line_1_19' title="bbox 168 1961 648 2026; baseline -0.01 -12"><span class='ocrx_word' id='word_1_155' title='bbox 168 1961 210 2014; x_wconf 82' lang='lat' dir='ltr'><strong>bl.</strong></span> <span class='ocrx_word' id='word_1_156' title='bbox 238 1963 261 2013; x_wconf 91' lang='grc'><strong>2.</strong></span> <span class='ocrx_word' id='word_1_157' title='bbox 286 1964 416 2026; x_wconf 79' lang='lat' dir='ltr'><strong>cuiusque</strong></span> <span class='ocrx_word' id='word_1_158' title='bbox 435 1963 544 2025; x_wconf 75' lang='lat' dir='ltr'><strong>generis</strong></span> <span class='ocrx_word' id='word_1_159' title='bbox 564 1962 648 2010; x_wconf 86' lang='lat' dir='ltr'><strong>homi-</strong></span> 
     </span>
     <span class='ocr_line' id='line_1_20' title="bbox 133 2027 647 2091; baseline -0.006 -11"><span class='ocrx_word' id='word_1_160' title='bbox 133 2046 206 2091; x_wconf 81' lang='lat' dir='ltr'><strong>num,</strong></span> <span class='ocrx_word' id='word_1_161' title='bbox 219 2029 290 2080; x_wconf 88' lang='lat' dir='ltr'><strong>nicht</strong></span> <span class='ocrx_word' id='word_1_162' title='bbox 300 2029 386 2079; x_wconf 83' lang='lat' dir='ltr'><strong>‘Lente</strong></span> <span class='ocrx_word' id='word_1_163' title='bbox 398 2043 444 2079; x_wconf 89' lang='lat' dir='ltr'><strong>aus</strong></span> <span class='ocrx_word' id='word_1_164' title='bbox 456 2028 523 2078; x_wconf 84' lang='lat' dir='ltr'><strong>allen</strong></span> <span class='ocrx_word' id='word_1_165' title='bbox 535 2027 647 2078; x_wconf 84' lang='lat' dir='ltr'><strong>Waffen-</strong></span> 
     </span>
     <span class='ocr_line' id='line_1_21' title="bbox 134 2094 647 2163; baseline -0.008 -15"><span class='ocrx_word' id='word_1_166' title='bbox 134 2098 291 2163; x_wconf 82' lang='lat' dir='ltr'><strong>gattungen&#39;,</strong></span> <span class='ocrx_word' id='word_1_167' title='bbox 309 2095 418 2147; x_wconf 86' lang='lat' dir='ltr'><strong>scudem</strong></span> <span class='ocrx_word' id='word_1_168' title='bbox 431 2095 518 2146; x_wconf 87' lang='lat' dir='ltr'><strong>‘Lente</strong></span> <span class='ocrx_word' id='word_1_169' title='bbox 534 2094 579 2146; x_wconf 88' lang='lat' dir='ltr'><strong>der</strong></span> <span class='ocrx_word' id='word_1_170' title='bbox 591 2111 647 2145; x_wconf 89' lang='lat' dir='ltr'><strong>ver-</strong></span> 
     </span>
     <span class='ocr_line' id='line_1_22' title="bbox 133 2162 645 2226; baseline -0.006 -10"><span class='ocrx_word' id='word_1_171' title='bbox 133 2163 312 2216; x_wconf 88' lang='lat' dir='ltr'><strong>schiedensten</strong></span> <span class='ocrx_word' id='word_1_172' title='bbox 331 2164 391 2226; x_wconf 77' lang='lat' dir='ltr'><strong>Art&#39;,</strong></span> <span class='ocrx_word' id='word_1_173' title='bbox 409 2162 460 2213; x_wconf 85' lang='lat' dir='ltr'><strong>wie</strong></span> <span class='ocrx_word' id='word_1_174' title='bbox 478 2162 515 2213; x_wconf 88' lang='lat' dir='ltr'><strong>sie</strong></span> <span class='ocrx_word' id='word_1_175' title='bbox 533 2162 645 2214; x_wconf 89' lang='lat' dir='ltr'><strong>nachber</strong></span> 
     </span>
     <span class='ocr_line' id='line_1_23' title="bbox 132 2230 647 2296; baseline -0.006 -13"><span class='ocrx_word' id='word_1_176' title='bbox 132 2232 232 2296; x_wconf 80' lang='lat' dir='ltr'><strong>(Erant</strong></span> <span class='ocrx_word' id='word_1_177' title='bbox 244 2232 393 2295; x_wconf 72' lang='lat' dir='ltr'><strong>complures</strong></span> <span class='ocrx_word' id='word_1_178' title='bbox 404 2246 428 2280; x_wconf 91' lang='lat' dir='ltr'><strong>n.</strong></span> <span class='ocrx_word' id='word_1_179' title='bbox 442 2243 462 2280; x_wconf 90' lang='lat' dir='ltr'><strong>s.</strong></span> <span class='ocrx_word' id='word_1_180' title='bbox 475 2234 519 2293; x_wconf 90' lang='lat' dir='ltr'><strong>w.)</strong></span> <span class='ocrx_word' id='word_1_181' title='bbox 537 2230 647 2294; x_wconf 85' lang='lat' dir='ltr'><strong>geschil·</strong></span> 
     </span>
     <span class='ocr_line' id='line_1_24' title="bbox 133 2297 646 2363; baseline -0.002 -13"><span class='ocrx_word' id='word_1_182' title='bbox 133 2300 190 2351; x_wconf 89' lang='lat' dir='ltr'><strong>dert</strong></span> <span class='ocrx_word' id='word_1_183' title='bbox 202 2299 313 2349; x_wconf 88' lang='lat' dir='ltr'><strong>werden.</strong></span> <span class='ocrx_word' id='word_1_184' title='bbox 327 2326 358 2334; x_wconf 99' lang='lat'><em>-</em></span> <span class='ocrx_word' id='word_1_185' title='bbox 372 2298 528 2362; x_wconf 77' lang='lat' dir='ltr'><strong>liberisque:</strong></span> <span class='ocrx_word' id='word_1_186' title='bbox 544 2297 646 2363; x_wconf 87' lang='lat' dir='ltr'><strong>llinder,</strong></span> 
     </span>
     <span class='ocr_line' id='line_1_25' title="bbox 133 2363 543 2430; baseline -0.007 -12"><span class='ocrx_word' id='word_1_187' title='bbox 133 2367 343 2418; x_wconf 81' lang='lat' dir='ltr'><strong>nicht=Freie</strong></span> <span class='ocrx_word' id='word_1_188' title='bbox 379 2363 405 2416; x_wconf 91' lang='lat' dir='ltr'><strong>S.</strong></span> <span class='ocrx_word' id='word_1_189' title='bbox 427 2367 543 2430; x_wconf 80' lang='lat' dir='ltr'><strong>Anhang.</strong></span> 
     </span>
    </p>

    <p class='ocr_par' dir='ltr' id='par_1_4' title="bbox 72 2433 646 3644">
     <span class='ocr_line' id='line_1_26' title="bbox 168 2433 645 2498; baseline -0.004 -11"><span class='ocrx_word' id='word_1_190' title='bbox 168 2439 190 2487; x_wconf 88' lang='grc'><strong>3.</strong></span> <span class='ocrx_word' id='word_1_191' title='bbox 215 2437 321 2485; x_wconf 81' lang='lat' dir='ltr'><strong>honesti</strong></span> <span class='ocrx_word' id='word_1_192' title='bbox 345 2433 539 2483; x_wconf 77' lang='lat' dir='ltr'><strong>adulescentes:</strong></span> <span class='ocrx_word' id='word_1_193' title='bbox 563 2435 645 2498; x_wconf 82' lang='lat' dir='ltr'><strong>junge</strong></span> 
     </span>
     <span class='ocr_line' id='line_1_27' title="bbox 132 2499 646 2566; baseline -0.002 -12"><span class='ocrx_word' id='word_1_194' title='bbox 132 2501 238 2554; x_wconf 75' lang='lat' dir='ltr'><strong>Minner</strong></span> <span class='ocrx_word' id='word_1_195' title='bbox 259 2517 306 2553; x_wconf 88' lang='lat' dir='ltr'><strong>aus</strong></span> <span class='ocrx_word' id='word_1_196' title='bbox 324 2506 398 2566; x_wconf 85' lang='lat' dir='ltr'><strong>guter</strong></span> <span class='ocrx_word' id='word_1_197' title='bbox 414 2499 527 2564; x_wconf 85' lang='lat' dir='ltr'><strong>Familie,</strong></span> <span class='ocrx_word' id='word_1_198' title='bbox 551 2500 646 2553; x_wconf 77' lang='lat' dir='ltr'><strong>erldiirt</strong></span> 
     </span>
     <span class='ocr_line' id='line_1_28' title="bbox 132 2568 644 2635; baseline -0.004 -13"><span class='ocrx_word' id='word_1_199' title='bbox 132 2571 211 2622; x_wconf 89' lang='lat' dir='ltr'><strong>durch</strong></span> <span class='ocrx_word' id='word_1_200' title='bbox 228 2574 383 2621; x_wconf 80' lang='lat' dir='ltr'><strong>aenatomm</strong></span> <span class='ocrx_word' id='word_1_201' title='bbox 400 2568 454 2629; x_wconf 76' lang='lat' dir='ltr'><strong>fitia·</strong></span> <span class='ocrx_word' id='word_1_202' title='bbox 471 2575 496 2619; x_wconf 84' lang='lat' dir='ltr'><strong>at</strong></span> <span class='ocrx_word' id='word_1_203' title='bbox 516 2571 572 2620; x_wconf 83' lang='lat' dir='ltr'><strong>ord.</strong></span> <span class='ocrx_word' id='word_1_204' title='bbox 586 2585 644 2635; x_wconf 81' lang='lat' dir='ltr'><strong>equ.</strong></span> 
     </span>
     <span class='ocr_line' id='line_1_29' title="bbox 132 2636 643 2702; baseline -0.002 -13"><span class='ocrx_word' id='word_1_205' title='bbox 132 2667 165 2676; x_wconf 90' lang='lat'>-</span> <span class='ocrx_word' id='word_1_206' title='bbox 182 2641 304 2702; x_wconf 64' lang='lat' dir='ltr'><strong>flumina.</strong></span> <span class='ocrx_word' id='word_1_207' title='bbox 331 2636 367 2688; x_wconf 86' lang='lat' dir='ltr'><strong>Da</strong></span> <span class='ocrx_word' id='word_1_208' title='bbox 386 2637 452 2688; x_wconf 88' lang='lat' dir='ltr'><strong>oben</strong></span> <span class='ocrx_word' id='word_1_209' title='bbox 464 2637 643 2688; x_wconf 87' lang='lat' dir='ltr'><strong>ansdriichlicb</strong></span> 
     </span>
     <span class='ocr_line' id='line_1_30' title="bbox 132 2705 643 2772; baseline -0.004 -14"><span class='ocrx_word' id='word_1_210' title='bbox 132 2711 223 2772; x_wconf 83' lang='lat' dir='ltr'><strong>gesagt</strong></span> <span class='ocrx_word' id='word_1_211' title='bbox 240 2705 315 2765; x_wconf 91' lang='lat' dir='ltr'><strong>wird,</strong></span> <span class='ocrx_word' id='word_1_212' title='bbox 338 2710 499 2755; x_wconf 78' lang='lat' dir='ltr'><strong>commeatus</strong></span> <span class='ocrx_word' id='word_1_213' title='bbox 521 2706 557 2756; x_wconf 84' lang='lat' dir='ltr'><strong>ad</strong></span> <span class='ocrx_word' id='word_1_214' title='bbox 573 2705 643 2766; x_wconf 77' lang='lat' dir='ltr'><strong>flu-</strong></span> 
     </span>
     <span class='ocr_line' id='line_1_31' title="bbox 131 2772 644 2835; baseline 0 -11"><span class='ocrx_word' id='word_1_215' title='bbox 131 2791 202 2824; x_wconf 83' lang='lat' dir='ltr'><strong>men</strong></span> <span class='ocrx_word' id='word_1_216' title='bbox 220 2777 376 2835; x_wconf 68' lang='lat' dir='ltr'><strong>comitisse,</strong></span> <span class='ocrx_word' id='word_1_217' title='bbox 389 2788 419 2824; x_wconf 89' lang='lat' dir='ltr'><strong>so</strong></span> <span class='ocrx_word' id='word_1_218' title='bbox 431 2772 498 2824; x_wconf 82' lang='lat' dir='ltr'><strong>kann</strong></span> <span class='ocrx_word' id='word_1_219' title='bbox 511 2773 565 2823; x_wconf 91' lang='lat' dir='ltr'><strong>hier</strong></span> <span class='ocrx_word' id='word_1_220' title='bbox 578 2774 644 2824; x_wconf 89' lang='lat' dir='ltr'><strong>eben</strong></span> 
     </span>
     <span class='ocr_line' id='line_1_32' title="bbox 132 2840 644 2908; baseline 0 -15"><span class='ocrx_word' id='word_1_221' title='bbox 132 2858 160 2893; x_wconf 89' lang='lat' dir='ltr'><strong>so</strong></span> <span class='ocrx_word' id='word_1_222' title='bbox 179 2843 266 2908; x_wconf 85' lang='lat' dir='ltr'><strong>wenig</strong></span> <span class='ocrx_word' id='word_1_223' title='bbox 283 2857 315 2893; x_wconf 91' lang='lat' dir='ltr'><strong>an</strong></span> <span class='ocrx_word' id='word_1_224' title='bbox 334 2841 376 2892; x_wconf 90' lang='lat' dir='ltr'><strong>die</strong></span> <span class='ocrx_word' id='word_1_225' title='bbox 389 2840 465 2906; x_wconf 82' lang='lat' dir='ltr'><strong>Cinga</strong></span> <span class='ocrx_word' id='word_1_226' title='bbox 487 2841 644 2906; x_wconf 83' lang='lat' dir='ltr'><strong>mitgedaeht</strong></span> 
     </span>
     <span class='ocr_line' id='line_1_33' title="bbox 131 2908 643 2974; baseline -0.002 -14"><span class='ocrx_word' id='word_1_227' title='bbox 131 2911 244 2974; x_wconf 89' lang='lat' dir='ltr'><strong>werden,</strong></span> <span class='ocrx_word' id='word_1_228' title='bbox 260 2909 299 2960; x_wconf 88' lang='lat' dir='ltr'><strong>als</strong></span> <span class='ocrx_word' id='word_1_229' title='bbox 312 2925 343 2961; x_wconf 87' lang='lat' dir='ltr'><strong>au</strong></span> <span class='ocrx_word' id='word_1_230' title='bbox 355 2909 533 2959; x_wconf 78' lang='lat' dir='ltr'><strong>‘Nebenilitsse</strong></span> <span class='ocrx_word' id='word_1_231' title='bbox 546 2909 591 2959; x_wconf 92' lang='lat' dir='ltr'><strong>des</strong></span> <span class='ocrx_word' id='word_1_232' title='bbox 604 2908 643 2960; x_wconf 87' lang='lat' dir='ltr'><strong>Si-</strong></span> 
     </span>
     <span class='ocr_line' id='line_1_34' title="bbox 131 2975 643 3040; baseline 0 -12"><span class='ocrx_word' id='word_1_233' title='bbox 131 2979 212 3040; x_wconf 89' lang='lat' dir='ltr'><strong>coris’,</strong></span> <span class='ocrx_word' id='word_1_234' title='bbox 222 2978 331 3031; x_wconf 89' lang='lat' dir='ltr'><strong>sondern</strong></span> <span class='ocrx_word' id='word_1_235' title='bbox 343 2979 456 3036; x_wconf 73' lang='lat' dir='ltr'><strong>domina</strong></span> <span class='ocrx_word' id='word_1_236' title='bbox 467 2975 643 3028; x_wconf 84' lang='lat' dir='ltr'><strong>sind‘Gewais·</strong></span> 
     </span>
     <span class='ocr_line' id='line_1_35' title="bbox 131 3045 643 3109; baseline -0.004 -13"><span class='ocrx_word' id='word_1_237' title='bbox 131 3062 179 3107; x_wconf 84' lang='lat' dir='ltr'><strong>ser,</strong></span> <span class='ocrx_word' id='word_1_238' title='bbox 199 3045 389 3098; x_wconf 81' lang='lat' dir='ltr'><strong>Wasserfluten’</strong></span> <span class='ocrx_word' id='word_1_239' title='bbox 407 3048 439 3108; x_wconf 86' lang='lat' dir='ltr'><strong>(c.</strong></span> <span class='ocrx_word' id='word_1_240' title='bbox 453 3047 518 3109; x_wconf 70' lang='lat' dir='ltr'><strong>out</strong></span> <span class='ocrx_word' id='word_1_241' title='bbox 539 3050 643 3109; x_wconf 80' lang='lat' dir='ltr'><strong>oquae),</strong></span> 
     </span>
     <span class='ocr_line' id='line_1_36' title="bbox 130 3112 644 3176; baseline -0.002 -13"><span class='ocrx_word' id='word_1_242' title='bbox 130 3114 181 3163; x_wconf 90' lang='lat' dir='ltr'><strong>wie</strong></span> <span class='ocrx_word' id='word_1_243' title='bbox 200 3113 245 3163; x_wconf 90' lang='lat' dir='ltr'><strong>das</strong></span> <span class='ocrx_word' id='word_1_244' title='bbox 257 3112 332 3164; x_wconf 87' lang='lat' dir='ltr'><strong>Wort</strong></span> <span class='ocrx_word' id='word_1_245' title='bbox 350 3112 487 3176; x_wconf 79' lang='lat' dir='ltr'><strong>allerdings</strong></span> <span class='ocrx_word' id='word_1_246' title='bbox 505 3119 578 3163; x_wconf 90' lang='lat' dir='ltr'><strong>sonst</strong></span> <span class='ocrx_word' id='word_1_247' title='bbox 597 3128 644 3164; x_wconf 90' lang='lat' dir='ltr'><strong>nur</strong></span> 
     </span>
     <span class='ocr_line' id='line_1_37' title="bbox 129 3179 642 3244; baseline 0 -13"><span class='ocrx_word' id='word_1_248' title='bbox 129 3180 232 3231; x_wconf 83' lang='lat' dir='ltr'><strong>Dichter</strong></span> <span class='ocrx_word' id='word_1_249' title='bbox 255 3180 391 3230; x_wconf 87' lang='lat' dir='ltr'><strong>branchen.</strong></span> <span class='ocrx_word' id='word_1_250' title='bbox 429 3179 485 3244; x_wconf 85' lang='lat' dir='ltr'><strong>Vgl.</strong></span> <span class='ocrx_word' id='word_1_251' title='bbox 503 3180 599 3243; x_wconf 84' lang='lat' dir='ltr'><strong>jedoch</strong></span> <span class='ocrx_word' id='word_1_252' title='bbox 618 3183 642 3243; x_wconf 85' lang='lat'><strong>3,</strong></span> 
     </span>
     <span class='ocr_line' id='line_1_38' title="bbox 129 3246 641 3310; baseline -0.004 -10"><span class='ocrx_word' id='word_1_253' title='bbox 129 3251 200 3310; x_wconf 81' lang='grc'><strong>49,4</strong></span> <span class='ocrx_word' id='word_1_254' title='bbox 218 3247 269 3298; x_wconf 89' lang='lat' dir='ltr'><strong>und</strong></span> <span class='ocrx_word' id='word_1_255' title='bbox 289 3247 367 3298; x_wconf 85' lang='lat' dir='ltr'><strong>Varro</strong></span> <span class='ocrx_word' id='word_1_256' title='bbox 385 3246 416 3297; x_wconf 94' lang='lat' dir='ltr'><strong>de</strong></span> <span class='ocrx_word' id='word_1_257' title='bbox 435 3263 454 3297; x_wconf 93' lang='lat' dir='ltr'><strong>r.</strong></span> <span class='ocrx_word' id='word_1_258' title='bbox 472 3251 533 3298; x_wconf 83' lang='lat' dir='ltr'><strong>rust.</strong></span> <span class='ocrx_word' id='word_1_259' title='bbox 553 3250 576 3310; x_wconf 90' lang='lat'><strong>3,</strong></span> <span class='ocrx_word' id='word_1_260' title='bbox 597 3251 641 3299; x_wconf 76' lang='lat'><strong>17:</strong></span> 
     </span>
     <span class='ocr_line' id='line_1_39' title="bbox 128 3316 642 3377; baseline -0.008 -11"><span class='ocrx_word' id='word_1_261' title='bbox 128 3317 266 3366; x_wconf 61' lang='lat' dir='ltr'><strong>anantima</strong></span> <span class='ocrx_word' id='word_1_262' title='bbox 299 3317 413 3377; x_wconf 71' lang='lat' dir='ltr'><strong>flumina</strong></span> <span class='ocrx_word' id='word_1_263' title='bbox 440 3318 584 3364; x_wconf 68' lang='lat' dir='ltr'><strong>coemittora</strong></span> <span class='ocrx_word' id='word_1_264' title='bbox 611 3316 642 3363; x_wconf 82' lang='lat' dir='ltr'><strong>in</strong></span> 
     </span>
     <span class='ocr_line' id='line_1_40' title="bbox 126 3381 641 3450; baseline -0.004 -17"><span class='ocrx_word' id='word_1_265' title='bbox 126 3382 253 3450; x_wconf 76' lang='lat' dir='ltr'><strong>piscinae.</strong></span> <span class='ocrx_word' id='word_1_266' title='bbox 262 3412 294 3420; x_wconf 95' lang='lat'>—</span> <span class='ocrx_word' id='word_1_267' title='bbox 305 3381 593 3433; x_wconf 76' lang='lat' dir='ltr'><strong>continebant:h1elten</strong></span> <span class='ocrx_word' id='word_1_268' title='bbox 604 3383 641 3433; x_wconf 84' lang='lat' dir='ltr'><strong>aie</strong></span> 
     </span>
     <span class='ocr_line' id='line_1_41' title="bbox 129 3448 640 3514; baseline -0.008 -12"><span class='ocrx_word' id='word_1_269' title='bbox 129 3466 284 3514; x_wconf 85' lang='lat' dir='ltr'><strong>zusammen,</strong></span> <span class='ocrx_word' id='word_1_270' title='bbox 302 3465 344 3502; x_wconf 90' lang='lat' dir='ltr'><strong>wo</strong></span> <span class='ocrx_word' id='word_1_271' title='bbox 363 3451 400 3501; x_wconf 89' lang='lat' dir='ltr'><strong>sie</strong></span> <span class='ocrx_word' id='word_1_272' title='bbox 418 3448 511 3501; x_wconf 85' lang='lat' dir='ltr'><strong>einmal</strong></span> <span class='ocrx_word' id='word_1_273' title='bbox 523 3449 640 3511; x_wconf 80' lang='lat' dir='ltr'><strong>standon,</strong></span> 
     </span>
     <span class='ocr_line' id='line_1_42' title="bbox 129 3516 639 3571; baseline -0.006 0"><span class='ocrx_word' id='word_1_274' title='bbox 129 3536 159 3571; x_wconf 92' lang='lat' dir='ltr'><strong>so</strong></span> <span class='ocrx_word' id='word_1_275' title='bbox 183 3518 239 3570; x_wconf 86' lang='lat' dir='ltr'><strong>dnls</strong></span> <span class='ocrx_word' id='word_1_276' title='bbox 263 3519 300 3570; x_wconf 92' lang='lat' dir='ltr'><strong>sie</strong></span> <span class='ocrx_word' id='word_1_277' title='bbox 324 3518 394 3569; x_wconf 87' lang='lat' dir='ltr'><strong>nicht</strong></span> <span class='ocrx_word' id='word_1_278' title='bbox 419 3519 509 3569; x_wconf 87' lang='lat' dir='ltr'><strong>weiter</strong></span> <span class='ocrx_word' id='word_1_279' title='bbox 526 3516 639 3568; x_wconf 86' lang='lat' dir='ltr'><strong>honnten</strong></span> 
     </span>
     <span class='ocr_line' id='line_1_43' title="bbox 72 3585 526 3644; baseline 0.002 -10"><span class='ocrx_word' id='word_1_280' title='bbox 72 3600 73 3603; x_wconf 47' lang='lat'>¹</span> <span class='ocrx_word' id='word_1_281' title='bbox 128 3613 163 3634; x_wconf 81' lang='lat'>=</span> <span class='ocrx_word' id='word_1_282' title='bbox 180 3587 276 3639; x_wconf 90' lang='lat' dir='ltr'><strong>hielten</strong></span> <span class='ocrx_word' id='word_1_283' title='bbox 295 3587 333 3637; x_wconf 92' lang='lat' dir='ltr'><strong>sie</strong></span> <span class='ocrx_word' id='word_1_284' title='bbox 350 3586 401 3644; x_wconf 81' lang='lat' dir='ltr'><strong>auf,</strong></span> <span class='ocrx_word' id='word_1_285' title='bbox 422 3585 526 3637; x_wconf 80' lang='lat' dir='ltr'><strong>znrdelt.</strong></span> 
     </span>
    </p>
   </div>
   <div class='ocr_carea' id='block_1_4' title="bbox 691 1958 1215 3641">
    <p class='ocr_par' dir='ltr' id='par_1_5' title="bbox 696 1958 1215 2363">
     <span class='ocr_line' id='line_1_44' title="bbox 698 1958 1210 2023; baseline 0.006 -13"><span class='ocrx_word' id='word_1_286' title='bbox 698 1960 739 2010; x_wconf 91' lang='lat' dir='ltr'><strong>eiu</strong></span> <span class='ocrx_word' id='word_1_287' title='bbox 757 1958 814 2010; x_wconf 81' lang='lat' dir='ltr'><strong>&#39;leil</strong></span> <span class='ocrx_word' id='word_1_288' title='bbox 836 1959 978 2010; x_wconf 84' lang='lat' dir='ltr'><strong>verflossen</strong></span> <span class='ocrx_word' id='word_1_289' title='bbox 1001 1958 1043 2023; x_wconf 88' lang='lat' dir='ltr'><strong>ist,</strong></span> <span class='ocrx_word' id='word_1_290' title='bbox 1066 1958 1109 2010; x_wconf 91' lang='lat' dir='ltr'><strong>die</strong></span> <span class='ocrx_word' id='word_1_291' title='bbox 1126 1959 1210 2012; x_wconf 83' lang='lat' dir='ltr'><strong>Hand·</strong></span> 
     </span>
     <span class='ocr_line' id='line_1_45' title="bbox 697 2026 1210 2092; baseline 0.008 -16"><span class='ocrx_word' id='word_1_292' title='bbox 697 2026 759 2092; x_wconf 85' lang='lat' dir='ltr'><strong>lung</strong></span> <span class='ocrx_word' id='word_1_293' title='bbox 777 2026 832 2079; x_wconf 90' lang='lat' dir='ltr'><strong>also</strong></span> <span class='ocrx_word' id='word_1_294' title='bbox 850 2027 917 2079; x_wconf 91' lang='lat' dir='ltr'><strong>noch</strong></span> <span class='ocrx_word' id='word_1_295' title='bbox 938 2027 964 2077; x_wconf 94' lang='lat' dir='ltr'><strong>in</strong></span> <span class='ocrx_word' id='word_1_296' title='bbox 982 2026 1054 2078; x_wconf 89' lang='lat' dir='ltr'><strong>diese</strong></span> <span class='ocrx_word' id='word_1_297' title='bbox 1071 2027 1128 2079; x_wconf 87' lang='lat' dir='ltr'><strong>Zeit</strong></span> <span class='ocrx_word' id='word_1_298' title='bbox 1143 2027 1210 2080; x_wconf 77' lang='lat' dir='ltr'><strong>lunt</strong></span> 
     </span>
     <span class='ocr_line' id='line_1_46' title="bbox 698 2093 1210 2161; baseline 0.006 -16"><span class='ocrx_word' id='word_1_299' title='bbox 698 2093 733 2146; x_wconf 88' lang='lat' dir='ltr'><strong>So</strong></span> <span class='ocrx_word' id='word_1_300' title='bbox 746 2097 770 2157; x_wconf 88' lang='lat'><strong>3,</strong></span> <span class='ocrx_word' id='word_1_301' title='bbox 782 2097 865 2158; x_wconf 81' lang='grc'><strong>62,2;</strong></span> <span class='ocrx_word' id='word_1_302' title='bbox 884 2095 917 2144; x_wconf 86' lang='lat' dir='ltr'><strong>de</strong></span> <span class='ocrx_word' id='word_1_303' title='bbox 928 2095 1015 2145; x_wconf 77' lang='lat' dir='ltr'><strong>media</strong></span> <span class='ocrx_word' id='word_1_304' title='bbox 1025 2100 1111 2159; x_wconf 79' lang='lat' dir='ltr'><strong>nocte,</strong></span> <span class='ocrx_word' id='word_1_305' title='bbox 1130 2098 1155 2160; x_wconf 91' lang='grc'><strong>2,</strong></span> <span class='ocrx_word' id='word_1_306' title='bbox 1168 2098 1210 2161; x_wconf 83' lang='grc'><strong>30,</strong></span> 
     </span>
     <span class='ocr_line' id='line_1_47' title="bbox 698 2161 1208 2229; baseline 0.004 -15"><span class='ocrx_word' id='word_1_307' title='bbox 698 2165 726 2214; x_wconf 79' lang='lat'><strong>3:</strong></span> <span class='ocrx_word' id='word_1_308' title='bbox 746 2162 779 2211; x_wconf 85' lang='lat' dir='ltr'><strong>de</strong></span> <span class='ocrx_word' id='word_1_309' title='bbox 791 2165 872 2213; x_wconf 80' lang='lat' dir='ltr'><strong>tertia</strong></span> <span class='ocrx_word' id='word_1_310' title='bbox 883 2162 988 2228; x_wconf 70' lang='lat' dir='ltr'><strong>vigilia,</strong></span> <span class='ocrx_word' id='word_1_311' title='bbox 1006 2161 1034 2213; x_wconf 93' lang='lat' dir='ltr'><strong>B.</strong></span> <span class='ocrx_word' id='word_1_312' title='bbox 1047 2162 1077 2213; x_wconf 86' lang='lat' dir='ltr'><strong>G.</strong></span> <span class='ocrx_word' id='word_1_313' title='bbox 1091 2166 1114 2228; x_wconf 90' lang='lat'><strong>1,</strong></span> <span class='ocrx_word' id='word_1_314' title='bbox 1128 2166 1168 2229; x_wconf 90' lang='grc'><strong>12,</strong></span> <span class='ocrx_word' id='word_1_315' title='bbox 1180 2166 1208 2216; x_wconf 83' lang='lat'><strong>2:</strong></span> 
     </span>
     <span class='ocr_line' id='line_1_48' title="bbox 697 2231 1215 2296; baseline 0.004 -16"><span class='ocrx_word' id='word_1_316' title='bbox 697 2231 819 2280; x_wconf 68' lang='lat' dir='ltr'><strong>detentio</strong></span> <span class='ocrx_word' id='word_1_317' title='bbox 830 2231 934 2293; x_wconf 80' lang='lat' dir='ltr'><strong>vigilia.</strong></span> <span class='ocrx_word' id='word_1_318' title='bbox 943 2258 977 2268; x_wconf 87' lang='lat'>-</span> <span class='ocrx_word' id='word_1_319' title='bbox 985 2246 1040 2280; x_wconf 76' lang='lat' dir='ltr'><strong>aeae</strong></span> <span class='ocrx_word' id='word_1_320' title='bbox 1048 2231 1215 2296; x_wconf 72' lang='lat' dir='ltr'><strong>ecpediunt:</strong></span> 
     </span>
     <span class='ocr_line' id='line_1_49' title="bbox 696 2297 1068 2363; baseline 0.005 -15"><span class='ocrx_word' id='word_1_321' title='bbox 696 2297 804 2349; x_wconf 81' lang='lat' dir='ltr'><strong>machon</strong></span> <span class='ocrx_word' id='word_1_322' title='bbox 821 2297 876 2348; x_wconf 90' lang='lat' dir='ltr'><strong>sich</strong></span> <span class='ocrx_word' id='word_1_323' title='bbox 894 2297 1068 2363; x_wconf 84' lang='lat' dir='ltr'><strong>schlagfertig.</strong></span> 
     </span>
    </p>

    <p class='ocr_par' dir='ltr' id='par_1_6' title="bbox 694 2367 1210 3231">
     <span class='ocr_line' id='line_1_50' title="bbox 732 2367 1208 2432; baseline 0.006 -17"><span class='ocrx_word' id='word_1_324' title='bbox 732 2368 1008 2429; x_wconf 57' lang='lat' dir='ltr'><strong>operimentoque:</strong></span> <span class='ocrx_word' id='word_1_325' title='bbox 1026 2367 1073 2417; x_wconf 84' lang='lat' dir='ltr'><strong>mit</strong></span> <span class='ocrx_word' id='word_1_326' title='bbox 1091 2367 1208 2432; x_wconf 83' lang='lat' dir='ltr'><strong>gleicben</strong></span> 
     </span>
     <span class='ocr_line' id='line_1_51' title="bbox 697 2431 1209 2499; baseline 0.008 -17"><span class='ocrx_word' id='word_1_327' title='bbox 697 2431 806 2495; x_wconf 84' lang='lat' dir='ltr'><strong>wellen,</strong></span> <span class='ocrx_word' id='word_1_328' title='bbox 832 2431 918 2484; x_wconf 87' lang='lat' dir='ltr'><strong>Reiter</strong></span> <span class='ocrx_word' id='word_1_329' title='bbox 944 2448 1026 2499; x_wconf 87' lang='lat' dir='ltr'><strong>gegen</strong></span> <span class='ocrx_word' id='word_1_330' title='bbox 1052 2433 1145 2488; x_wconf 88' lang='lat' dir='ltr'><strong>Reiter.</strong></span> <span class='ocrx_word' id='word_1_331' title='bbox 1174 2464 1209 2474; x_wconf 90' lang='lat'><em>-</em></span> 
     </span>
     <span class='ocr_line' id='line_1_52' title="bbox 695 2501 1208 2567; baseline 0.01 -17"><span class='ocrx_word' id='word_1_332' title='bbox 695 2505 853 2564; x_wconf 69' lang='lat' dir='ltr'><strong>mutinum,</strong></span> <span class='ocrx_word' id='word_1_333' title='bbox 877 2501 934 2552; x_wconf 87' lang='lat' dir='ltr'><strong>eine</strong></span> <span class='ocrx_word' id='word_1_334' title='bbox 952 2517 1002 2553; x_wconf 90' lang='lat' dir='ltr'><strong>von</strong></span> <span class='ocrx_word' id='word_1_335' title='bbox 1021 2501 1071 2553; x_wconf 91' lang='lat' dir='ltr'><strong>den</strong></span> <span class='ocrx_word' id='word_1_336' title='bbox 1090 2504 1208 2567; x_wconf 83' lang='lat' dir='ltr'><strong>wenigen</strong></span> 
     </span>
     <span class='ocr_line' id='line_1_53' title="bbox 696 2566 1209 2632; baseline 0.01 -14"><span class='ocrx_word' id='word_1_337' title='bbox 696 2566 803 2632; x_wconf 88' lang='lat' dir='ltr'><strong>Stellen,</strong></span> <span class='ocrx_word' id='word_1_338' title='bbox 821 2583 853 2620; x_wconf 85' lang='lat' dir='ltr'><strong>an</strong></span> <span class='ocrx_word' id='word_1_339' title='bbox 871 2570 953 2620; x_wconf 91' lang='lat' dir='ltr'><strong>denen</strong></span> <span class='ocrx_word' id='word_1_340' title='bbox 972 2570 1049 2621; x_wconf 77' lang='lat' dir='ltr'><strong>(laser</strong></span> <span class='ocrx_word' id='word_1_341' title='bbox 1066 2570 1138 2622; x_wconf 89' lang='lat' dir='ltr'><strong>diese</strong></span> <span class='ocrx_word' id='word_1_342' title='bbox 1149 2569 1209 2623; x_wconf 91' lang='lat' dir='ltr'><strong>Per·</strong></span> 
     </span>
     <span class='ocr_line' id='line_1_54' title="bbox 695 2635 1210 2704; baseline 0.012 -18"><span class='ocrx_word' id='word_1_343' title='bbox 695 2635 816 2687; x_wconf 83' lang='lat' dir='ltr'><strong>lehtlorm</strong></span> <span class='ocrx_word' id='word_1_344' title='bbox 827 2637 943 2689; x_wconf 87' lang='lat' dir='ltr'><strong>braucht.</strong></span> <span class='ocrx_word' id='word_1_345' title='bbox 962 2641 986 2700; x_wconf 84' lang='grc'><strong>3,</strong></span> <span class='ocrx_word' id='word_1_346' title='bbox 998 2641 1040 2702; x_wconf 82' lang='grc'><strong>63,</strong></span> <span class='ocrx_word' id='word_1_347' title='bbox 1053 2642 1082 2698; x_wconf 92' lang='grc'><strong>6;</strong></span> <span class='ocrx_word' id='word_1_348' title='bbox 1100 2636 1129 2690; x_wconf 90' lang='grc' dir='ltr'><strong>Β.</strong></span> <span class='ocrx_word' id='word_1_349' title='bbox 1142 2639 1172 2691; x_wconf 85' lang='lat' dir='ltr'><strong>G.</strong></span> <span class='ocrx_word' id='word_1_350' title='bbox 1183 2641 1210 2704; x_wconf 76' lang='grc'><strong>6,</strong></span> 
     </span>
     <span class='ocr_line' id='line_1_55' title="bbox 694 2705 1209 2771; baseline 0.008 -16"><span class='ocrx_word' id='word_1_351' title='bbox 694 2707 736 2768; x_wconf 87' lang='grc'><strong>21,</strong></span> <span class='ocrx_word' id='word_1_352' title='bbox 751 2708 772 2758; x_wconf 90' lang='lat'><strong>1.</strong></span> <span class='ocrx_word' id='word_1_353' title='bbox 786 2733 817 2741; x_wconf 91' lang='lat'>-</span> <span class='ocrx_word' id='word_1_354' title='bbox 836 2708 866 2756; x_wconf 81' lang='lat' dir='ltr'><strong>in</strong></span> <span class='ocrx_word' id='word_1_355' title='bbox 874 2709 1017 2771; x_wconf 72' lang='lat' dir='ltr'><strong>promianos</strong></span> <span class='ocrx_word' id='word_1_356' title='bbox 1033 2711 1137 2756; x_wconf 77' lang='lat' dir='ltr'><strong>montes</strong></span> <span class='ocrx_word' id='word_1_357' title='bbox 1148 2705 1209 2759; x_wconf 77' lang='lat' dir='ltr'><strong>do-</strong></span> 
     </span>
     <span class='ocr_line' id='line_1_56' title="bbox 696 2771 1208 2839; baseline 0.008 -17"><span class='ocrx_word' id='word_1_358' title='bbox 696 2771 745 2823; x_wconf 91' lang='lat' dir='ltr'><strong>ler</strong></span> <span class='ocrx_word' id='word_1_359' title='bbox 769 2787 791 2823; x_wconf 90' lang='lat' dir='ltr'><strong>a.</strong></span> <span class='ocrx_word' id='word_1_360' title='bbox 809 2787 832 2824; x_wconf 89' lang='lat' dir='ltr'><strong>a.</strong></span> <span class='ocrx_word' id='word_1_361' title='bbox 852 2772 879 2825; x_wconf 85' lang='lat'><strong>0.</strong></span> <span class='ocrx_word' id='word_1_362' title='bbox 898 2790 923 2839; x_wconf 92' lang='lat' dir='ltr'><strong>p.</strong></span> <span class='ocrx_word' id='word_1_363' title='bbox 941 2777 988 2825; x_wconf 78' lang='lat' dir='ltr'><strong>to:</strong></span> <span class='ocrx_word' id='word_1_364' title='bbox 1019 2773 1103 2826; x_wconf 84' lang='lat' dir='ltr'><strong>‘Diese</strong></span> <span class='ocrx_word' id='word_1_365' title='bbox 1125 2773 1208 2839; x_wconf 85' lang='lat' dir='ltr'><strong>Berge</strong></span> 
     </span>
     <span class='ocr_line' id='line_1_57' title="bbox 695 2840 1208 2906; baseline 0.004 -14"><span class='ocrx_word' id='word_1_366' title='bbox 695 2841 818 2906; x_wconf 78' lang='lat' dir='ltr'><strong>gehbnen</strong></span> <span class='ocrx_word' id='word_1_367' title='bbox 831 2841 901 2892; x_wconf 88' lang='lat' dir='ltr'><strong>wohl</strong></span> <span class='ocrx_word' id='word_1_368' title='bbox 913 2856 958 2891; x_wconf 86' lang='lat' dir='ltr'><strong>zur</strong></span> <span class='ocrx_word' id='word_1_369' title='bbox 977 2840 1059 2892; x_wconf 84' lang='lat' dir='ltr'><strong>Sierra</strong></span> <span class='ocrx_word' id='word_1_370' title='bbox 1078 2841 1111 2894; x_wconf 89' lang='lat' dir='ltr'><strong>de</strong></span> <span class='ocrx_word' id='word_1_371' title='bbox 1121 2842 1208 2894; x_wconf 77' lang='lat' dir='ltr'><strong>Alme·</strong></span> 
     </span>
     <span class='ocr_line' id='line_1_58' title="bbox 694 2908 1207 2961; baseline 0.004 -2"><span class='ocrx_word' id='word_1_372' title='bbox 694 2924 755 2960; x_wconf 86' lang='lat' dir='ltr'><strong>nara</strong></span> <span class='ocrx_word' id='word_1_373' title='bbox 774 2908 827 2960; x_wconf 94' lang='lat' dir='ltr'><strong>und</strong></span> <span class='ocrx_word' id='word_1_374' title='bbox 844 2909 890 2961; x_wconf 91' lang='lat' dir='ltr'><strong>das</strong></span> <span class='ocrx_word' id='word_1_375' title='bbox 908 2909 1016 2961; x_wconf 86' lang='lat' dir='ltr'><strong>Gelecht</strong></span> <span class='ocrx_word' id='word_1_376' title='bbox 1033 2910 1106 2961; x_wconf 87' lang='lat' dir='ltr'><strong>hatte</strong></span> <span class='ocrx_word' id='word_1_377' title='bbox 1124 2911 1207 2961; x_wconf 84' lang='lat' dir='ltr'><strong>wahr-</strong></span> 
     </span>
     <span class='ocr_line' id='line_1_59' title="bbox 695 2976 1207 3029; baseline 0.002 -1"><span class='ocrx_word' id='word_1_378' title='bbox 695 2977 835 3028; x_wconf 88' lang='lat' dir='ltr'><strong>scheinlich</strong></span> <span class='ocrx_word' id='word_1_379' title='bbox 862 2977 888 3027; x_wconf 93' lang='lat' dir='ltr'><strong>in</strong></span> <span class='ocrx_word' id='word_1_380' title='bbox 916 2977 961 3028; x_wconf 91' lang='lat' dir='ltr'><strong>der</strong></span> <span class='ocrx_word' id='word_1_381' title='bbox 984 2976 1072 3028; x_wconf 88' lang='lat' dir='ltr'><strong>Ebene</strong></span> <span class='ocrx_word' id='word_1_382' title='bbox 1089 2977 1131 3028; x_wconf 85' lang='lat' dir='ltr'><strong>hei</strong></span> <span class='ocrx_word' id='word_1_383' title='bbox 1149 2977 1207 3029; x_wconf 83' lang='lat' dir='ltr'><strong>dem</strong></span> 
     </span>
     <span class='ocr_line' id='line_1_60' title="bbox 694 3043 1208 3111; baseline 0.002 -16"><span class='ocrx_word' id='word_1_384' title='bbox 694 3044 816 3110; x_wconf 85' lang='lat' dir='ltr'><strong>heutigen</strong></span> <span class='ocrx_word' id='word_1_385' title='bbox 828 3044 931 3096; x_wconf 87' lang='lat' dir='ltr'><strong>lllcster</strong></span> <span class='ocrx_word' id='word_1_386' title='bbox 942 3044 971 3098; x_wconf 86' lang='lat' dir='ltr'><strong>D.</strong></span> <span class='ocrx_word' id='word_1_387' title='bbox 983 3043 1068 3107; x_wconf 86' lang='lat' dir='ltr'><strong>Juani,</strong></span> <span class='ocrx_word' id='word_1_388' title='bbox 1082 3044 1208 3111; x_wconf 80' lang='lat' dir='ltr'><strong>Balagner</strong></span> 
     </span>
     <span class='ocr_line' id='line_1_61' title="bbox 694 3112 1206 3176; baseline 0.006 -14"><span class='ocrx_word' id='word_1_389' title='bbox 694 3113 855 3176; x_wconf 79' lang='lat' dir='ltr'><strong>gegendber,</strong></span> <span class='ocrx_word' id='word_1_390' title='bbox 872 3117 949 3173; x_wconf 86' lang='lat' dir='ltr'><strong>statt,</strong></span> <span class='ocrx_word' id='word_1_391' title='bbox 972 3120 1040 3164; x_wconf 87' lang='lat' dir='ltr'><strong>etwa</strong></span> <span class='ocrx_word' id='word_1_392' title='bbox 1056 3116 1073 3165; x_wconf 91' lang='grc'><strong>6</strong></span> <span class='ocrx_word' id='word_1_393' title='bbox 1092 3112 1206 3165; x_wconf 88' lang='lat' dir='ltr'><strong>Stunden</strong></span> 
     </span>
     <span class='ocr_line' id='line_1_62' title="bbox 694 3179 938 3231; baseline 0.008 -2"><span class='ocrx_word' id='word_1_394' title='bbox 694 3179 817 3230; x_wconf 87' lang='lat' dir='ltr'><strong>eberhalb</strong></span> <span class='ocrx_word' id='word_1_395' title='bbox 834 3179 938 3231; x_wconf 87' lang='lat' dir='ltr'><strong>Lerida.¹</strong></span> 
     </span>
    </p>

    <p class='ocr_par' dir='ltr' id='par_1_7' title="bbox 691 3248 1208 3641">
     <span class='ocr_line' id='line_1_63' title="bbox 728 3248 1206 3314; baseline 0.004 -16"><span class='ocrx_word' id='word_1_396' title='bbox 728 3249 752 3298; x_wconf 84' lang='lat'><strong>3.</strong></span> <span class='ocrx_word' id='word_1_397' title='bbox 770 3248 827 3297; x_wconf 88' lang='lat' dir='ltr'><strong>Hoc</strong></span> <span class='ocrx_word' id='word_1_398' title='bbox 842 3263 950 3311; x_wconf 82' lang='lat' dir='ltr'><strong>pugnae</strong></span> <span class='ocrx_word' id='word_1_399' title='bbox 962 3253 1071 3314; x_wconf 76' lang='lat' dir='ltr'><strong>lempna,</strong></span> <span class='ocrx_word' id='word_1_400' title='bbox 1088 3250 1130 3302; x_wconf 88' lang='lat' dir='ltr'><strong>dle</strong></span> <span class='ocrx_word' id='word_1_401' title='bbox 1142 3249 1206 3312; x_wconf 82' lang='lat' dir='ltr'><strong>Zeit,</strong></span> 
     </span>
     <span class='ocr_line' id='line_1_64' title="bbox 692 3312 1208 3370; baseline 0.01 -7"><span class='ocrx_word' id='word_1_402' title='bbox 692 3328 735 3365; x_wconf 88' lang='lat' dir='ltr'><strong>wo</strong></span> <span class='ocrx_word' id='word_1_403' title='bbox 758 3312 800 3364; x_wconf 90' lang='lat' dir='ltr'><strong>die</strong></span> <span class='ocrx_word' id='word_1_404' title='bbox 823 3313 910 3366; x_wconf 87' lang='lat' dir='ltr'><strong>Reiter</strong></span> <span class='ocrx_word' id='word_1_405' title='bbox 935 3315 984 3366; x_wconf 90' lang='lat' dir='ltr'><strong>den</strong></span> <span class='ocrx_word' id='word_1_406' title='bbox 1002 3315 1082 3368; x_wconf 85' lang='lat' dir='ltr'><strong>Feind</strong></span> <span class='ocrx_word' id='word_1_407' title='bbox 1099 3317 1208 3370; x_wconf 90' lang='lat' dir='ltr'><strong>anlhiel-</strong></span> 
     </span>
     <span class='ocr_line' id='line_1_65' title="bbox 692 3381 1207 3449; baseline 0.01 -17"><span class='ocrx_word' id='word_1_408' title='bbox 692 3386 744 3443; x_wconf 89' lang='lat' dir='ltr'><strong>ten,</strong></span> <span class='ocrx_word' id='word_1_409' title='bbox 768 3396 823 3433; x_wconf 87' lang='lat' dir='ltr'><strong>war</strong></span> <span class='ocrx_word' id='word_1_410' title='bbox 840 3381 890 3433; x_wconf 92' lang='lat' dir='ltr'><strong>den</strong></span> <span class='ocrx_word' id='word_1_411' title='bbox 908 3383 1014 3449; x_wconf 78' lang='lat' dir='ltr'><strong>ubrigen</strong></span> <span class='ocrx_word' id='word_1_412' title='bbox 1034 3385 1093 3436; x_wconf 91' lang='lat' dir='ltr'><strong>sehr</strong></span> <span class='ocrx_word' id='word_1_413' title='bbox 1110 3385 1207 3438; x_wconf 77' lang='lat' dir='ltr'><strong>forder-</strong></span> 
     </span>
     <span class='ocr_line' id='line_1_66' title="bbox 691 3448 1208 3518; baseline 0.012 -20"><span class='ocrx_word' id='word_1_414' title='bbox 691 3448 743 3499; x_wconf 89' lang='lat' dir='ltr'><strong>lieh</strong></span> <span class='ocrx_word' id='word_1_415' title='bbox 760 3465 805 3500; x_wconf 84' lang='lat' dir='ltr'><strong>zur</strong></span> <span class='ocrx_word' id='word_1_416' title='bbox 822 3449 943 3515; x_wconf 85' lang='lat' dir='ltr'><strong>Rettung.</strong></span> <span class='ocrx_word' id='word_1_417' title='bbox 978 3453 1031 3504; x_wconf 86' lang='lat' dir='ltr'><strong>Liv.</strong></span> <span class='ocrx_word' id='word_1_418' title='bbox 1050 3457 1093 3516; x_wconf 75' lang='lat' dir='ltr'><strong>tn,</strong></span> <span class='ocrx_word' id='word_1_419' title='bbox 1115 3458 1158 3518; x_wconf 82' lang='grc'><strong>45,</strong></span> <span class='ocrx_word' id='word_1_420' title='bbox 1177 3457 1208 3506; x_wconf 80' lang='lat'><strong>8.-</strong></span> 
     </span>
     <span class='ocr_line' id='line_1_67' title="bbox 692 3518 1206 3584; baseline 0.008 -18"><span class='ocrx_word' id='word_1_421' title='bbox 692 3519 756 3567; x_wconf 84' lang='lat' dir='ltr'><strong>haac</strong></span> <span class='ocrx_word' id='word_1_422' title='bbox 782 3518 882 3582; x_wconf 82' lang='lat' dir='ltr'><strong>legatio</strong></span> <span class='ocrx_word' id='word_1_423' title='bbox 905 3535 1034 3584; x_wconf 65' lang='lat' dir='ltr'><strong>anagniam</strong></span> <span class='ocrx_word' id='word_1_424' title='bbox 1058 3523 1096 3572; x_wconf 87' lang='lat' dir='ltr'><strong>ad</strong></span> <span class='ocrx_word' id='word_1_425' title='bbox 1117 3524 1206 3572; x_wconf 76' lang='lat' dir='ltr'><strong>conei-</strong></span> 
     </span>
     <span class='ocr_line' id='line_1_68' title="bbox 691 3586 1206 3641; baseline 0.012 -5"><span class='ocrx_word' id='word_1_426' title='bbox 691 3586 797 3636; x_wconf 79' lang='lat' dir='ltr'><strong>liandoc</strong></span> <span class='ocrx_word' id='word_1_427' title='bbox 824 3589 928 3637; x_wconf 70' lang='lat' dir='ltr'><strong>animno</strong></span> <span class='ocrx_word' id='word_1_428' title='bbox 954 3591 1104 3641; x_wconf 72' lang='lat' dir='ltr'><strong>eivitatium</strong></span> <span class='ocrx_word' id='word_1_429' title='bbox 1124 3591 1206 3641; x_wconf 75' lang='lat' dir='ltr'><strong>Asiae</strong></span> 
     </span>
    </p>
   </div>
   <div class='ocr_carea' id='block_1_5' title="bbox 128 3646 1205 3791">
    <p class='ocr_par' dir='ltr' id='par_1_8' title="bbox 128 3646 1205 3791">
     <span class='ocr_line' id='line_1_69' title="bbox 162 3646 1204 3722; baseline 0.002 -14"><span class='ocrx_word' id='word_1_430' title='bbox 162 3661 186 3708; x_wconf 89' lang='grc'><strong>4.</strong></span> <span class='ocrx_word' id='word_1_431' title='bbox 205 3646 406 3721; x_wconf 62' lang='lat' dir='ltr'><strong>opprimendos}</strong></span> <span class='ocrx_word' id='word_1_432' title='bbox 423 3653 546 3719; x_wconf 84' lang='lat' dir='ltr'><strong>pldtalich</strong></span> <span class='ocrx_word' id='word_1_433' title='bbox 567 3653 641 3704; x_wconf 81' lang='lat' dir='ltr'><strong>t&#39;tber-</strong></span> <span class='ocrx_word' id='word_1_434' title='bbox 690 3660 851 3704; x_wconf 82' lang='lat' dir='ltr'><strong>momentum</strong></span> <span class='ocrx_word' id='word_1_435' title='bbox 863 3654 933 3718; x_wconf 71' lang='lat' dir='ltr'><strong>fuit,</strong></span> <span class='ocrx_word' id='word_1_436' title='bbox 943 3656 977 3709; x_wconf 91' lang='lat' dir='ltr'><strong>id.</strong></span> <span class='ocrx_word' id='word_1_437' title='bbox 991 3660 1033 3718; x_wconf 81' lang='grc'><strong>42,</strong></span> <span class='ocrx_word' id='word_1_438' title='bbox 1045 3661 1087 3722; x_wconf 89' lang='grc'><strong>46,</strong></span> <span class='ocrx_word' id='word_1_439' title='bbox 1099 3661 1129 3710; x_wconf 78' lang='lat' dir='ltr'><strong>b:</strong></span> <span class='ocrx_word' id='word_1_440' title='bbox 1146 3673 1204 3709; x_wconf 81' lang='lat' dir='ltr'><strong>ma·</strong></span> 
     </span>
     <span class='ocr_line' id='line_1_70' title="bbox 128 3720 1205 3791; baseline 0.003 -17"><span class='ocrx_word' id='word_1_441' title='bbox 128 3723 215 3776; x_wconf 82' lang='lat' dir='ltr'><strong>fallen.</strong></span> <span class='ocrx_word' id='word_1_442' title='bbox 228 3751 263 3762; x_wconf 94' lang='lat'>-</span> <span class='ocrx_word' id='word_1_443' title='bbox 280 3724 312 3774; x_wconf 85' lang='lat' dir='ltr'><strong>de</strong></span> <span class='ocrx_word' id='word_1_444' title='bbox 328 3726 421 3772; x_wconf 71' lang='lat' dir='ltr'><strong>noem:</strong></span> <span class='ocrx_word' id='word_1_445' title='bbox 438 3721 504 3772; x_wconf 82' lang='lat' dir='ltr'><strong>n&#39;cch</strong></span> <span class='ocrx_word' id='word_1_446' title='bbox 518 3720 641 3772; x_wconf 78' lang='lat' dir='ltr'><strong>wdbrend</strong></span> <span class='ocrx_word' id='word_1_447' title='bbox 688 3724 734 3786; x_wconf 78' lang='lat' dir='ltr'><strong>gie</strong></span> <span class='ocrx_word' id='word_1_448' title='bbox 752 3727 778 3772; x_wconf 84' lang='lat' dir='ltr'><strong>et</strong></span> <span class='ocrx_word' id='word_1_449' title='bbox 794 3722 902 3774; x_wconf 77' lang='lat' dir='ltr'><strong>litterae</strong></span> <span class='ocrx_word' id='word_1_450' title='bbox 920 3730 946 3774; x_wconf 84' lang='lat' dir='ltr'><strong>et</strong></span> <span class='ocrx_word' id='word_1_451' title='bbox 961 3728 1041 3776; x_wconf 83' lang='lat' dir='ltr'><strong>verba</strong></span> <span class='ocrx_word' id='word_1_452' title='bbox 1054 3727 1205 3791; x_wconf 74' lang='lat' dir='ltr'><strong>legatorum</strong></span> 
     </span>
    </p>
   </div>
   <div class='ocr_carea' id='block_1_6' title="bbox 128 3788 640 3843">
    <p class='ocr_par' dir='ltr' id='par_1_9' title="bbox 128 3788 640 3843">
     <span class='ocr_line' id='line_1_71' title="bbox 128 3788 640 3843; baseline -0.01 0"><span class='ocrx_word' id='word_1_453' title='bbox 128 3793 173 3843; x_wconf 87' lang='lat' dir='ltr'><strong>der</strong></span> <span class='ocrx_word' id='word_1_454' title='bbox 190 3792 280 3843; x_wconf 87' lang='lat' dir='ltr'><strong>Nacht.</strong></span> <span class='ocrx_word' id='word_1_455' title='bbox 315 3791 356 3840; x_wconf 86' lang='lat' dir='ltr'><strong>De</strong></span> <span class='ocrx_word' id='word_1_456' title='bbox 372 3789 437 3840; x_wconf 88' lang='lat' dir='ltr'><strong>wird</strong></span> <span class='ocrx_word' id='word_1_457' title='bbox 455 3805 505 3840; x_wconf 90' lang='lat' dir='ltr'><strong>von</strong></span> <span class='ocrx_word' id='word_1_458' title='bbox 524 3788 568 3840; x_wconf 89' lang='lat' dir='ltr'><strong>der</strong></span> <span class='ocrx_word' id='word_1_459' title='bbox 584 3788 640 3840; x_wconf 87' lang='lat' dir='ltr'><strong>Zeit</strong></span> 
     </span>
    </p>
   </div>
   <div class='ocr_carea' id='block_1_7' title="bbox 690 3791 1204 3858">
    <p class='ocr_par' dir='ltr' id='par_1_10' title="bbox 690 3791 1204 3858">
     <span class='ocr_line' id='line_1_72' title="bbox 690 3791 1204 3858; baseline 0.01 -19"><span class='ocrx_word' id='word_1_460' title='bbox 690 3791 804 3854; x_wconf 82' lang='lat' dir='ltr'><strong>benigna</strong></span> <span class='ocrx_word' id='word_1_461' title='bbox 825 3797 889 3841; x_wconf 79' lang='lat' dir='ltr'><strong>eunt</strong></span> <span class='ocrx_word' id='word_1_462' title='bbox 909 3793 1011 3854; x_wconf 73' lang='lat' dir='ltr'><strong>audita,</strong></span> <span class='ocrx_word' id='word_1_463' title='bbox 1042 3810 1123 3858; x_wconf 83' lang='lat' dir='ltr'><strong>quam</strong></span> <span class='ocrx_word' id='word_1_464' title='bbox 1148 3810 1204 3844; x_wconf 70' lang='grc' dir='ltr'><strong>πιο-</strong></span> 
     </span>
    </p>
   </div>
   <div class='ocr_carea' id='block_1_8' title="bbox 128 3857 1205 3994">
    <p class='ocr_par' dir='ltr' id='par_1_11' title="bbox 128 3857 1205 3994">
     <span class='ocr_line' id='line_1_73' title="bbox 128 3857 1205 3925; baseline 0.001 -14"><span class='ocrx_word' id='word_1_465' title='bbox 128 3860 362 3925; x_wconf 82' lang='lat' dir='ltr'><strong>gebraucht‚wenn</strong></span> <span class='ocrx_word' id='word_1_466' title='bbox 374 3858 523 3923; x_wconf 83' lang='lat' dir='ltr'><strong>angegeben</strong></span> <span class='ocrx_word' id='word_1_467' title='bbox 536 3857 638 3908; x_wconf 88' lang='lat' dir='ltr'><strong>werden</strong></span> <span class='ocrx_word' id='word_1_468' title='bbox 689 3863 808 3908; x_wconf 71' lang='lat' dir='ltr'><strong>ananiam</strong></span> <span class='ocrx_word' id='word_1_469' title='bbox 826 3859 862 3909; x_wconf 87' lang='lat' dir='ltr'><strong>od</strong></span> <span class='ocrx_word' id='word_1_470' title='bbox 877 3860 1018 3911; x_wconf 73' lang='lat' dir='ltr'><strong>mutandos</strong></span> <span class='ocrx_word' id='word_1_471' title='bbox 1035 3865 1139 3913; x_wconf 76' lang='lat' dir='ltr'><strong>animos</strong></span> <span class='ocrx_word' id='word_1_472' title='bbox 1157 3863 1205 3912; x_wconf 82' lang='lat' dir='ltr'><strong>ha·</strong></span> 
     </span>
     <span class='ocr_line' id='line_1_74' title="bbox 128 3926 812 3994; baseline -0.004 -14"><span class='ocrx_word' id='word_1_473' title='bbox 128 3927 187 3994; x_wconf 87' lang='lat' dir='ltr'><strong>soll,</strong></span> <span class='ocrx_word' id='word_1_474' title='bbox 204 3928 259 3980; x_wconf 80' lang='lat' dir='ltr'><strong>dels</strong></span> <span class='ocrx_word' id='word_1_475' title='bbox 277 3942 328 3980; x_wconf 89' lang='lat' dir='ltr'><strong>von</strong></span> <span class='ocrx_word' id='word_1_476' title='bbox 347 3927 429 3979; x_wconf 85' lang='lat' dir='ltr'><strong>einen</strong></span> <span class='ocrx_word' id='word_1_477' title='bbox 442 3926 568 3978; x_wconf 87' lang='lat' dir='ltr'><strong>Zeitraum</strong></span> <span class='ocrx_word' id='word_1_478' title='bbox 587 3931 639 3977; x_wconf 89' lang='lat' dir='ltr'><strong>erst</strong></span> <span class='ocrx_word' id='word_1_479' title='bbox 689 3927 812 3978; x_wconf 70' lang='lat' dir='ltr'><strong>bumont.</strong></span> 
     </span>
    </p>
   </div>
   <div class='ocr_carea' id='block_1_9' title="bbox 0 0 1318 4416">
    <p class='ocr_par' dir='ltr' id='par_1_12' title="bbox 0 0 1318 4416">
     <span class='ocr_line' id='line_1_75' title="bbox 0 0 1318 4416; baseline 0 2"><span class='ocrx_word' id='word_1_480' title='bbox 0 0 1318 4416; x_wconf 95' lang='lat' dir='ltr'><strong> </strong></span> 
     </span>
    </p>
   </div>
  </div>
 </body>
</html>
