2626 4416
557 272 586 325 ΙΙ.
604 275 712 327 23-25.
1109 269 1169 330 125

102 450 233 513 succedit
253 448 385 528 longius,
408 447 524 526 lateque
540 447 564 508 is
578 445 662 508 locus
683 455 847 526 restagnat:
870 464 958 524 quem
976 446 1001 508 si
1016 447 1068 527 qui
1081 449 1171 510 vitare

102 537 268 609 voluerunt
282 553 311 594 rr
324 532 439 594 milium
454 531 580 593 circuitu
594 531 625 592 in
641 532 783 611 oppidum
797 531 983 611 perveniunt.

187 616 243 686 25.
267 620 331 680 Hoc
354 616 504 697 explorato
527 617 593 678 loco
609 616 698 678 Curio
721 625 817 678 castra
831 616 900 678 Vari
922 617 1068 699 conspicit
1085 636 1171 680 muro

103 706 274 786 oppidoque
287 703 448 765 coniuncta
462 701 499 761 ad
509 710 645 780 portam,
662 719 737 781 qnae
751 701 915 780 appellatur
928 702 1048 778 badim,
1071 703 1172 764 admo·

100 793 172 853 dum
185 790 300 852 mnnita
316 786 508 860 naturalem,
532 806 590 849 una
607 805 642 847 ex
655 794 741 866 parte
752 787 820 867 >ipso
837 787 945 866 oppido
960 787 1061 863 Utica,
1083 785 1174 850 altera

99 878 263 951 atheatrc,
287 873 366 954 quod
383 878 509 933 estante
524 871 683 951 oppidum,
706 871 975 933 substructionibus
990 872 1053 934 eius
1075 875 1174 954 operis

101 961 253 1034 maximis,
275 959 356 1021 aditu
370 957 406 1018 ad
421 964 516 1018 castra
531 956 642 1018 difficili
657 964 687 1018 et
699 964 836 1037 angusta.
866 955 959 1017 Simul
974 957 1177 1021 animadvertit
1197 967 1212 1019 2

101 1046 194 1107 multa
208 1045 340 1124 undique
355 1041 468 1124 portari
481 1049 569 1120 atque
584 1041 630 1121 agi
646 1041 826 1121 plenissimis
839 1040 908 1116 viis,
932 1059 1007 1120 quae
1024 1045 1174 1121 repentini

103 1131 248 1192 tumultus
267 1130 376 1190 timore
391 1146 427 1188 ea
440 1126 519 1205 agris
533 1127 564 1187 in
578 1127 684 1188 urbem
699 1127 901 1189 conferantur.
930 1126 997 1188 Huc
1012 1128 1176 1206 equitatum
1196 1139 1211 1187 3

103 1215 206 1290 mittit,
229 1223 262 1277 nt
276 1213 417 1295 diriperet
431 1219 520 1291 atque
534 1211 657 1275 haberet
671 1212 738 1274 leco
753 1213 893 1293 praedae:
916 1213 1080 1291 eodemque
1099 1222 1174 1274 tem·

104 1319 177 1380 pore
192 1301 238 1362 iris
252 1298 342 1361 rebus
356 1297 488 1360 subsidio
500 1316 536 1358 nc
548 1298 661 1377 equites
675 1297 818 1358 Numidae
830 1317 866 1358 ex
877 1297 987 1377 oppido
1002 1298 1175 1379 peditesque

103 1403 172 1445 cccc
187 1386 377 1447 mittuntnra
394 1383 480 1457 Varo,
497 1401 570 1461 quos
585 1382 686 1443 auxilii
700 1400 853 1444 causarer
868 1382 939 1443 luha
955 1383 1057 1463 paucis
1071 1383 1175 1446 diebus

102 1478 172 1531 ante
185 1470 299 1532 Uticam
314 1470 442 1530 miserat.
472 1467 549 1528 Huic
564 1475 594 1528 et
607 1477 765 1548 paternum
779 1468 941 1548 hospitium
955 1487 1022 1529 cum
1035 1469 1176 1549 Pompeio
1199 1480 1215 1530 4

103 1563 133 1616 et
147 1554 279 1617 simultas
293 1572 362 1616 cum
377 1553 506 1615 Curione
527 1553 745 1628 intercedebat,
767 1553 848 1632 quod
862 1552 1001 1614 tribunus
1023 1553 1120 1631 plebis
1134 1556 1176 1616 le-

103 1659 170 1719 gem
183 1640 439 1720 promulgaverat,
463 1657 520 1717 qna
532 1638 596 1718 lege
611 1657 738 1718 regnum
752 1638 843 1700 lubae
858 1637 1069 1718 publicaverat.
1099 1638 1178 1701 Con·
1199 1650 1213 1698 o

105 1734 230 1786 currunt
253 1724 366 1804 equites
388 1722 468 1783 inter
482 1742 531 1800 se;
554 1741 651 1803 neque
665 1742 735 1785 vero
751 1724 881 1803 primum
896 1723 1040 1802 impetum
1057 1732 1175 1785 nostro-

104 1828 171 1871 rum
188 1811 332 1872 Numidae
347 1809 426 1869 ferre
440 1816 614 1889 potnerunt,
628 1810 679 1871 scd
695 1809 859 1870 interiectis
874 1809 993 1869 circiter
1004 1827 1059 1869 cxx
1070 1808 1178 1888 reliqui

104 1915 137 1957 se
151 1895 182 1956 in
200 1902 295 1957 castra
310 1894 345 1955 ad
362 1893 505 1973 oppidum
526 1901 714 1973 receperunt.
743 1893 867 1955 Interim
881 1893 1009 1953 adventu
1022 1892 1178 1973 longamm
1200 1904 1216 1954 6

105 1980 223 2042 navium
238 1979 328 2041 Curio
344 1978 540 2059 pronuntiare
555 1979 698 2040 onerariis
714 1977 837 2040 navibus
851 1977 947 2053 iubet,
971 1997 1047 2057 quae
1061 1978 1179 2041 stabant

105 2066 140 2125 ad
156 2065 272 2126 Uticam
295 2082 421 2126 numero
444 2063 563 2125 circiter
585 2083 635 2139 cc,
658 2083 690 2124 se
704 2063 736 2124 in
758 2064 887 2125 hostium
909 2063 1079 2125 habiturum
1101 2063 1177 2139 loco,

106 2150 158 2229 qui
174 2170 235 2211 nnn
249 2149 399 2229 evestigio
414 2149 451 2210 ad
466 2158 560 2210 castra
576 2149 751 2211 Corneliana
765 2149 827 2210 vela
839 2148 1001 2210 direxisset.
1031 2149 1097 2220 Qua
1107 2168 1178 2229 pro·
1200 2162 1215 2211 t

106 2236 293 2298 nuntiatione
314 2236 404 2309 lacta,
427 2235 569 2315 temporis
589 2242 702 2314 puncto
724 2233 846 2296 sublatis
861 2234 980 2296 ancoris
995 2253 1099 2296 omnes
1113 2234 1178 2296 Uti-

105 2338 170 2381 cam
185 2321 360 2401 relinquunt
375 2329 404 2380 ct
419 2337 479 2398 quo
494 2319 671 2401 imperatum
693 2330 738 2381 est
758 2328 923 2381 transeunt.
954 2319 1036 2391 Quae
1051 2338 1099 2381 res
1115 2338 1178 2381 om·

105 2405 189 2467 nium
203 2425 304 2468 rerum
320 2405 405 2485 copia
420 2404 577 2484 complevit
592 2404 763 2467 exereitum.

106 2519 193 2587 dringt
211 2521 381 2575 unterirdisch
404 2521 444 2573 ein
466 2521 519 2574 und
536 2521 617 2573 bildet
668 2521 807 2587 Pompeius
828 2520 900 2571 hatte
923 2521 957 2570 im
975 2519 1052 2573 delire
1070 2523 1100 2573 81
1120 2520 1178 2572 dem

108 2603 137 2639 ao
160 2589 224 2640 iiber
248 2589 304 2641 eine
322 2589 400 2641 weite
416 2587 509 2641 altene
527 2604 618 2655 ansge-
668 2586 1180 2654 Vaterdesluba‚lliempsal,denTlrron

107 2653 202 2707 dehnte
220 2655 334 2722 Siimple.
669 2672 721 2709 von
732 2656 877 2718 Numidien‚
889 2655 935 2707 das
949 2655 1091 2720 ehemalige
1100 2655 1180 2707 Reich

141 2720 189 2776 25.
203 2726 224 2773 l.
241 2738 320 2774 muro
333 2723 498 2789 oppidoque:
515 2725 562 2774 mlt
574 2723 619 2776 der
670 2725 716 2777 des
727 2724 855 2790 iugurtha,
868 2724 993 2790 gegeben.
1019 2722 1095 2775 Curio
1107 2723 1180 2776 hatte

107 2787 195 2841 Maucr
217 2790 277 2842 ‘und
298 2805 327 2842 so
351 2790 398 2841 mit
415 2789 460 2841 der
476 2789 566 2844 Stadt'.
585 2820 618 2830 —
670 2793 706 2844 im
720 2791 744 2844 J.
758 2796 790 2844 50
808 2790 898 2843 darauf
914 2796 1078 2858 angetragen‚
1096 2790 1180 2844 dieses

107 2861 266 2909 coniuncta:
295 2861 318 2924 1,
336 2861 377 2921 64,
399 2861 473 2909 1.-
491 2859 578 2909 altera
601 2876 619 2910 a
670 2859 750 2912 Reich
768 2859 825 2911 deni
847 2858 992 2910 romischen
1015 2859 1181 2911 einznverlei-

105 2927 212 2976 theatro
236 2942 260 2978 u.
278 2941 299 2978 s.
317 2941 351 2980 w.
392 2924 443 2976 llas
460 2925 542 2990 Lagei
565 2941 619 2978 war
669 2929 733 2992 ben,
756 2929 911 2993 producar-e,
933 2928 1035 2992 populo
1061 2925 1180 2978 Romano

105 3007 158 3044 von
177 2993 222 3045 der
239 2994 313 3046 einen
330 2993 401 3046 Seite
417 3009 471 3046 von
488 2993 532 3045 der
545 2993 619 3046 Studt
669 2996 802 3048 addicere.
830 2995 865 3046 Es
882 3009 937 3045 war
954 2994 1032 3045 daher
1049 2995 1116 3046 anch
1128 2993 1182 3046 Pri-

107 3061 249 3127 gesehntzt,
267 3062 324 3114 also
335 3077 388 3114 von
400 3060 484 3114 dieser
495 3076 541 3128 gar
558 3061 618 3114 luein
662 3064 799 3128 raimone,
817 3062 858 3115 die
869 3062 935 3114 luha
954 3076 1037 3129 gagen
1055 3055 1131 3115 Curio
1148 3079 1182 3116 au

106 3127 212 3196 Zugang
229 3145 261 3182 au
273 3129 432 3196 demselben,
449 3144 502 3181 von
514 3129 559 3182 der
574 3145 618 3182 aa·
668 3132 760 3183 alelen
777 3130 938 3183 veranlalate.
956 3159 991 3170 -
1008 3131 1105 3198 degeam
1128 3147 1182 3198 qua

105 3195 167 3248 dem
178 3197 248 3249 Seite
257 3213 318 3250 vom
323 3197 435 3251 Theater
442 3198 488 3251 her
497 3197 619 3262 dadnrcla‚
671 3201 737 3264 lege.
763 3199 840 3251 (laser
851 3198 1003 3252 wiederlrolt
1014 3198 1102 3266 hiufig
1112 3200 1182 3252 heim

107 3263 163 3314 dals
180 3265 222 3317 bei
240 3265 290 3318 den
308 3266 516 3333 nmfanqreiehen
531 3265 619 3331 Unter-
671 3267 816 3320 Relativum
840 3267 886 3319 das
905 3266 1114 3335 Substantivnm,
1138 3269 1184 3322 aul

107 3330 202 3383 benten
221 3331 356 3386 desselben
375 3350 422 3387 nur
439 3336 481 3387 ein
494 3335 619 3388 schmnler
670 3336 784 3389 welches
796 3350 824 3388 es
836 3335 891 3388 sich
902 3336 1014 3390 bezielrt.
1034 3335 1060 3389 S.
1070 3352 1101 3390 zu
1111 3336 1141 3391 Β.
1151 3336 1180 3390 G.

107 3398 160 3450 und
178 3400 342 3467 schwieriger
359 3403 465 3468 Zugang
481 3419 543 3458 war.
672 3409 694 3469 1,
712 3407 737 3469 θ,
756 3408 780 3458 1.

142 3469 286 3533 apertori
298 3474 378 3534 atque
389 3474 444 3534 agi.
463 3471 515 3523 liv.
526 3475 566 3535 38,
577 3472 619 3537 18,
704 3476 728 3526 6.
742 3476 925 3539 pronuntiare
943 3475 1031 3523 iudet:
1057 3478 1078 3538 1,
1096 3477 1138 3537 61,
1154 3475 1181 3525 d.

110 3539 152 3587 15:
181 3538 337 3587 nuntiantes
358 3566 392 3577 -
408 3554 444 3589 aa
467 3543 620 3606 campestri-
671 3540 854 3606 munao.
872 3570 904 3579 -
923 3543 1066 3606 evoregio
1090 3539 1143 3591 und
1160 3554 1181 3590 c.

108 3605 156 3654 dua
174 3606 241 3654 nicia
258 3606 384 3670 agrisque
407 3605 559 3671 frequenter
576 3608 619 3659 de·
670 3611 712 3674 26,
728 3611 744 3661 2
761 3611 873 3675 umtigic
892 3611 1033 3675 ternpon'a:
1052 3623 1072 3659 s.
1085 3622 1107 3659 c.
1120 3610 1145 3670 l,
1158 3609 1181 3658 3.

106 3675 228 3736 dammare
238 3677 272 3737 et,
288 3701 323 3711 -
335 3688 403 3738 quae
414 3672 487 3734 ferre
502 3679 528 3725 et
539 3691 620 3740 ogere
670 3706 702 3715 -
714 3693 782 3743 quae
790 3680 905 3741 cudant,
915 3676 1108 3742 gewdhnlicher
1116 3673 1183 3725 Ans·

92 3743 223 3805 *porrina
242 3756 313 3807 prae
333 3757 361 3791 ce
378 3741 487 3805 agemm
506 3748 619 3809 portan-
669 3744 764 3797 druclt:
784 3761 832 3799 ror
848 3744 935 3796 duker
951 3744 1046 3809 liegen.
1079 3740 1109 3793 B.
1127 3740 1181 3796 Ain.

107 3811 198 3874 deeque
211 3808 351 3876 Olympum
364 3815 464 3874 petere.
490 3808 526 3863 So
543 3809 620 3882 ἄγειν
671 3815 718 3866 53:
730 3816 887 3864 iactatione
898 3811 972 3877 apud
985 3811 1183 3876 Tdapmmata-

107 3878 154 3924 καὶ
170 3877 271 3944 φέρειν.
549 3884 553 3889 ”
670 3883 751 3944 dant5
769 3884 793 3946 3,
809 3883 850 3942 28,
868 3883 895 3932 1:
913 3883 942 3929 in
960 3881 1069 3930 ancoris
1085 3881 1183 3929 comu-

142 3945 313 4009 l.peteraum
319 3947 463 4012 immitium
469 3948 619 4016 eamPomp.
669 3952 776 4010 terreat,¹
789 3950 812 4009 ³,
824 3950 881 4011 tta,
892 3951 921 3999 l:
934 3947 972 3997 ad
982 3962 1110 3998 ancoram
1121 3962 1181 3998 ecn-
