2626 4416
588 244 605 297 1
625 249 648 299 5.
667 248 691 299 6.
1136 239 1176 299 27

99 419 239 500 piissimis
253 420 331 494 viris,
346 418 475 480 tribunis
490 418 600 498 plebis,
622 419 792 497 gravissime
811 418 1058 496 acerbissimeque
1073 418 1175 479 decer-

102 505 192 566 nitur.
222 505 400 584 Profugiunt
419 503 518 566 statim
533 523 568 564 ex
582 503 657 564 urbe
678 503 791 564 tribuni
805 502 901 583 plebis
916 520 1039 582 seseque
1053 503 1089 562 ad
1105 502 1177 564 Cae·
1198 511 1212 559 5

99 609 197 652 sarem
212 591 381 651 conferunt.
416 589 445 650 is
466 608 501 650 eo
516 597 651 666 tempore
673 597 736 649 erat
750 588 907 650 Ravennae
929 588 1176 668 exspectabatque

101 675 162 737 suis
177 674 333 736 lenissimis
347 673 500 752 postulatis
515 691 668 750 responsa,
683 674 707 734 si
724 692 780 752 qua
796 674 951 734 hominum
965 673 1113 752 aequitate
1128 692 1177 733 res

100 762 137 822 ad
153 761 246 822 atium
260 759 366 820 deduci
380 766 489 837 posset.
1284 757 1288 771 '

188 840 223 908 6.
247 842 392 904 Proximis
413 843 517 903 diebus
539 841 666 902 babetur
687 849 768 902 extra
790 840 896 901 urbem
914 852 1043 904 senatus.
1088 843 1177 904 Pom-

102 930 188 1010 peius
203 930 305 989 eadem
319 928 381 1000 illa,
404 946 479 1006 quae
494 944 547 1006 per
563 925 732 1004 Scipionem
755 926 938 996 ostenderat,
961 927 1035 1006 agit3
1056 936 1177 989 senatus

102 1015 243 1075 virtutem
254 1012 510 1092 constantiamque
526 1011 671 1072 collaudat
677 1030 686 1087 ;
702 1011 802 1091 copias
813 1029 881 1073 suas
891 1013 1028 1091 exponit:
1044 1012 1178 1091 legiones

104 1099 213 1159 babere
234 1116 298 1159 sese
319 1106 434 1176 paratas
450 1117 482 1173 x;
504 1104 656 1175 praeterea
671 1097 825 1176 cognitum
847 1105 1092 1178 compertumque
1114 1097 1179 1171 sibi,
1201 1106 1216 1156 2

100 1181 201 1244 'alieno
212 1201 276 1264 esse
291 1182 390 1243 animo
406 1183 437 1244 in
450 1183 606 1244 Caesarem
616 1182 722 1243 milites
737 1200 835 1261 neque
850 1181 885 1243 iis
894 1201 982 1262 posse
996 1181 1178 1261 persuaderi,

104 1268 148 1329 uti
170 1286 238 1329 cum
259 1268 420 1328 defendant
441 1276 491 1329 aut
505 1275 668 1345 sequantur
689 1267 802 1328 saitem.
834 1267 876 1328 lie
897 1267 1019 1346 reliquis
1039 1267 1181 1329 rebusad
1201 1277 1216 1326 3

104 1362 239 1414 senatum
250 1354 390 1414 refertur:
402 1362 464 1414 tata
476 1351 558 1413 ltalia
568 1351 699 1413 delectus
710 1352 867 1429 habeatur;
881 1352 1006 1414 Faustus
1014 1352 1095 1413 Sulla
1107 1371 1178 1432 pro-

103 1456 175 1517 pere
197 1438 227 1499 in
251 1437 455 1499 Mauritaniam
475 1438 624 1514 mittatur;
644 1438 771 1516 pecunia
789 1439 830 1498 uti
852 1457 888 1498 ex
908 1438 1020 1499 aerario
1037 1437 1178 1517 Pompeia

104 1525 200 1585 detur.
236 1523 374 1584 Refertur
389 1524 477 1584 etiam
491 1523 528 1584 de
543 1541 613 1602 rege
628 1523 716 1596 iuba,
739 1531 772 1583 ut
787 1523 885 1584 socius
900 1523 938 1585 sit
952 1531 1040 1602 atque
1054 1523 1180 1599 amicus;
1202 1533 1217 1582 4

103 1608 259 1669 Marcellus
271 1627 339 1670 vera
355 1627 513 1688 passurum
528 1607 558 1667 in
573 1607 740 1688 praesentia
756 1616 853 1687 negat.
883 1608 925 1668 lie
936 1607 1045 1668 Fausto
1058 1607 1181 1686 impedit

103 1692 267 1773 Philippus,
282 1693 422 1754 tribunus
432 1693 536 1772 plebis.
553 1692 595 1753 lie
606 1693 728 1772 reliquis
740 1692 829 1754 rebus
843 1688 1101 1754 senatusconsulta
1111 1711 1180 1772 per·
1202 1705 1216 1753 5

102 1778 283 1840 scribuntur.
328 1778 500 1838 Provinciae
522 1777 641 1854 privatis
662 1779 881 1852 decernuntur,
903 1778 977 1838 duae
1000 1777 1179 1851 consulares

102 1863 233 1941 reliquae
248 1862 423 1941 praetoriae.
469 1861 602 1938 Scipioni
623 1861 743 1922 obvenit
764 1861 862 1940 Syria,
887 1861 920 1922 L.
936 1861 1063 1923 Domitio
1079 1860 1179 1922 Gallia.

101 2028 136 2061 ear
154 2012 199 2061 die
216 2026 236 2062 s.
250 2026 281 2062 zu
295 2014 336 2074 36,
348 2015 373 2064 5.
393 2039 425 2048 -
440 2013 616 2075 gravissime:
668 2011 792 2063 sebaiten.
806 2010 832 2062 S.
842 2009 1181 2076 denAnbang.-saquaa-

103 2095 124 2130 c.
139 2080 199 2142 2,8.
234 2078 283 2130 Zur
302 2078 383 2130 Sache
401 2079 547 2145 vergleiche
564 2079 615 2130 uio.
668 2083 714 2129 tar
739 2079 845 2144 satem,
875 2077 1072 2145 herabsteigend
1102 2078 1182 2131 oder

103 2146 168 2198 Phil.
182 2149 207 2211 i,
219 2149 261 2210 21,
274 2150 318 2199 52:
338 2152 394 2197 mm
407 2153 502 2199 eontra
517 2151 543 2197 te
555 2145 617 2210 (An-
668 2147 751 2198 auch
773 2163 830 2198 nur
848 2148 898 2199 wie
922 2153 971 2199 aut
988 2149 1110 2212 omnino,
1134 2151 1183 2197 aut

102 2215 213 2278 ionium)
227 2215 302 2266 dedit
318 2231 394 2266 arma
413 2217 457 2267 iiic
477 2217 542 2266 ordo
555 2231 617 2266 con·
669 2219 753 2266 certe.-
771 2231 793 2266 a.
803 2214 832 2268 B.
842 2216 893 2270 (iic.
906 2231 947 2283 ep.
960 2214 993 2267 ad
1005 2216 1064 2267 iam.
1076 2217 1104 2278 9,
1113 2217 1138 2280 9,
1153 2219 1180 2267 1;

99 2283 203 2333 selibras
219 2313 253 2322 -
270 2284 434 2349 reliquisque
452 2286 574 2350 imperiis
591 2288 618 2333 et
667 2287 700 2334 aei
717 2289 741 2333 te
758 2287 808 2334 aui
824 2300 885 2334 cum
904 2284 1015 2336 Caesare
1033 2285 1193 2355 nobiscum-⁸

96 2353 291 2417 potestatibus:
313 2368 382 2418 quae
398 2368 453 2402 aaa
471 2353 617 2418 effugiam,
668 2367 719 2417 qua
727 2354 904 2417 coniungeres
912 2357 962 2404 aut
973 2356 1044 2404 emto
1055 2355 1085 2402 in
1097 2354 1181 2403 otium

100 2422 155 2469 aiei
177 2424 202 2470 te
224 2420 262 2471 ad
281 2435 359 2471 arina
377 2420 500 2472 Caesaris
523 2425 617 2472 contu-
666 2418 790 2480 referres.
945 2439 948 2442 ’

102 2488 182 2538 iisses.
702 2490 725 2540 3.
735 2488 855 2539 Faustus
862 2487 948 2552 Sulla,
959 2487 1029 2539 Sobn
1040 2487 1085 2539 des
1094 2486 1181 2540 Dikta-

135 2559 160 2608 5.
177 2558 277 2618 statim,
294 2555 406 2606 nimlicb
424 2556 451 2607 in
470 2555 514 2607 der
532 2555 616 2606 Nacbt
667 2560 730 2620 tors,
743 2554 957 2620 Scbwiegersobn
975 2556 1021 2607 des
1033 2554 1180 2621 Pompeius.

100 2638 162 2674 vom
180 2627 203 2675 i.
223 2638 281 2673 zum
299 2626 322 2676 8.
338 2622 440 2675 ianuar.
458 2653 493 2662 -
508 2625 533 2673 si
550 2624 616 2674 nach
667 2621 762 2674 Zweclx
771 2623 816 2675 der
826 2622 948 2689 Sendung
957 2639 1019 2687 war,
1032 2622 1073 2675 die
1082 2623 1181 2689 Konige

101 2690 151 2742 den
169 2689 218 2751 (oit
235 2706 267 2741 zu
285 2691 493 2756 supplierenden)
509 2690 615 2743 Worten
667 2689 785 2742 Bocchus
803 2691 856 2743 und
870 2690 999 2757 Bogudes‚
1017 2690 1058 2742 die
1076 2691 1131 2742 sicb
1149 2707 1182 2742 zu

100 2757 253 2820 versuchen‚
272 2762 405 2821 crwartm,
423 2759 563 2822 ebriamen,
582 2784 616 2804 =
668 2758 745 2809 ilisar
763 2758 920 2824 binndgten,
938 2774 970 2809 zu
988 2760 1133 2826 gewinnen.

102 2827 144 2878 ob.
157 2853 191 2862 —
205 2827 297 2878 otium
315 2823 344 2878 B.
355 2824 384 2876 G.
395 2828 419 2889 i,
429 2829 509 2889 66,4;
522 2842 615 2891 pacem
701 2830 726 2879 4.
744 2827 823 2890 Iuba,
848 2825 919 2878 Sobn
943 2826 988 2878 des
1005 2826 1136 2893 iliempsal
1152 2825 1181 2890 ll,

101 2899 181 2959 atque
192 2896 277 2943 otiam
288 2915 322 2936 =
335 2893 368 2945 ob
385 2892 427 2944 die
440 2891 522 2944 Sache
540 2893 616 2944 tried·
668 2895 766 2960 lionigs
781 2911 832 2946 von
845 2894 990 2958 Numidien,
1008 2895 1182 2961 persiniicber

100 2963 154 3014 licb
171 2961 301 3027 beigelegt
319 2961 422 3013 werden
440 2960 533 3012 konne.
668 2962 768 3030 Gegner
786 2963 889 3026 (lisam,
914 2961 1003 3028 Sieger
1025 2963 1088 3013 iiber
1106 2961 1181 3013 Curio

135 3029 162 3084 6.
183 3032 205 3081 1.
224 3031 360 3081 Proximis
378 3031 482 3092 dietus,
505 3029 616 3080 nimlich
668 3032 703 3095 (i,
720 3033 841 3090 40-43).
860 3059 895 3068 -
912 3029 1065 3095 Marcellus,
1084 3029 1120 3093 (1.,
1138 3028 1183 3081 der

102 3114 143 3150 am
167 3100 190 3149 8.
209 3097 262 3149 und
284 3100 307 3150 9.
325 3097 429 3150 Januar.
467 3095 616 3162 Vergleicbe
668 3099 725 3150 eine
744 3096 843 3150 lionsul
861 3096 906 3150 des
923 3097 1028 3162 Jabres,
1050 3098 1120 3149 nicht
1138 3097 1183 3150 der

101 3166 229 3218 Hoimann
247 3181 269 3218 a.
282 3180 304 3218 a.
318 3164 346 3218 0,
365 3183 389 3234 p.
407 3168 461 3218 160.
483 3193 517 3204 -
536 3170 617 3217 cetra
669 3166 736 3218 oben
755 3170 805 3218 ci
824 3166 955 3218 erwibnte
973 3165 1081 3220 Marcus.
1106 3166 1182 3216 —de

101 3234 616 3300 erroneas,1.-quaoostenderat:
667 3235 771 3286 Fausto
789 3234 914 3300 impedit:
932 3235 959 3286 in
976 3233 1079 3286 Betreif.
1109 3233 1138 3286 B.
1152 3233 1181 3286 G.

104 3299 483 3366 auerlseunengegebenbaite.
497 3300 614 3368 S.c.i,1.
671 3308 692 3368 1,
710 3305 752 3368 42,
774 3305 796 3355 1.

138 3368 162 3417 2.
176 3365 330 3428 legionarii.
358 3369 401 3422 Sie
414 3370 557 3422 bestanden
569 3386 615 3422 aus
703 3374 726 3422 5.
743 3373 860 3437 privatis
872 3370 895 3422 d.
908 3371 926 3422 i.
938 3370 1053 3435 soleben,
1071 3369 1113 3421 die
1123 3369 1185 3421 irini

103 3433 152 3485 den
172 3432 264 3484 beiden
276 3450 326 3486 ron
339 3437 416 3489 Gisar
431 3439 614 3504 abgegebencn
667 3438 744 3490 Jabrc
756 3440 849 3490 vorher
860 3437 976 3490 lionsuin
989 3436 1051 3489 oden
1060 3437 1182 3489 Priloren

102 3501 241 3566 Legionen,
259 3499 342 3554 ierner
356 3520 402 3556 aus
414 3505 464 3557 den
477 3522 528 3557 rou
540 3506 616 3559 Pom·
668 3522 789 3573 gewesen
799 3521 885 3558 waren
894 3505 946 3558 und
958 3507 1026 3558 nocb
1035 3505 1111 3557 keine
1120 3505 1182 3555 Pro-

103 3571 177 3637 peius
195 3569 222 3619 in
245 3569 342 3620 seinem
362 3573 472 3625 aweiten
489 3573 615 3626 Konsulat
667 3574 978 3639 vinzverwaltetbatten‚
991 3575 1079 3626 wiees
1090 3573 1182 3625 dielex

103 3636 616 3709 irirSpanienausgebobenen'lmppen,
667 3641 790 3709 Pompeia
814 3643 847 3695 de
871 3641 1008 3708 provinciis
1035 3639 1183 3693 ordinandis

103 3705 144 3758 die
157 3720 184 3758 er
197 3705 267 3756 nicbt
280 3703 381 3757 dorthin
398 3707 540 3771 gescbiekt
557 3725 616 3760 son·
667 3725 728 3762 vom
737 3710 854 3763 Jabrebi
864 3710 1020 3761 vorscbrieb.
1031 3708 1182 3774 Vergleicbe

102 3774 165 3826 dern
181 3774 208 3825 in
219 3772 311 3824 italien
322 3773 368 3825 aui
379 3773 474 3825 Uriaub
486 3775 616 3829 entlassen
668 3779 731 3830 iiber
749 3779 819 3831 diese
836 3779 880 3829 lex
891 3776 1019 3828 iloimann
1035 3776 1066 3828 de
1084 3777 1183 3842 origine

103 3843 187 3907 batte,
212 3840 313 3893 endiicb
335 3857 380 3893 aus
399 3841 448 3893 den
474 3843 540 3895 nach
558 3845 617 3897 dem
668 3846 731 3898 belli
755 3847 803 3899 civ.
828 3845 972 3898 Caesariani
995 3860 1019 3910 p.
1042 3847 1182 3898 tae-158.

102 3909 187 3962 Brucb
196 3909 618 3976 mitilisarauigebotenenlilann-
669 3942 703 3952 -
715 3914 837 3980 Scipioni
849 3915 962 3965 obvenit.
981 3910 1068 3979 Scipio
1081 3927 1135 3965 war
1147 3913 1183 3965 im
