2626 4416
136 243 178 304 46
538 244 581 296 ΒΕ
599 242 701 296 BBLLO
720 243 812 296 CllllLl

136 420 182 482 die
197 428 292 481 castra
314 425 411 478 movet
428 416 599 494 iustumque
614 416 670 476 iter
684 415 806 476 conficit
821 432 858 475 vn
873 414 998 476 omuino
1013 414 1075 476 dies
1091 415 1128 476 ad
1144 414 1219 478 Cor·

134 506 240 567 finium
261 510 460 565 commoratus
480 509 509 562 et
531 520 586 581 per
608 501 683 562 fines
704 500 958 576 Marrucinorum,
987 500 1218 576 Frentanorum,

134 589 318 651 Larinatium
333 586 364 648 in
381 585 515 666 Apuliam
531 585 675 665 pervenit.

219 671 278 740 24.
302 671 461 751 Pompeius
474 671 521 732 his
536 671 625 732 rebus
639 669 781 748 cognitis,
804 687 880 748 quae
900 678 986 730 erant
999 670 1035 731 ad
1051 670 1219 732 Corfinium

134 770 243 840 gestae,
267 757 391 819 Luceria
411 756 610 836 proficiscitur
632 754 792 817 Canusium
813 763 902 833 atque
924 753 992 815 iude
1013 755 1217 818 Brundisium.

96 856 112 907 2
134 845 240 926 Copias
256 843 387 922 undique
402 860 506 903 omncs
521 859 557 902 ex
572 841 657 902 noris
675 839 838 902 delentibus
853 840 889 901 ad
904 858 936 901 se
950 840 1017 920 cogi
1033 840 1129 917 iubet;
1153 859 1217 903 ser·

133 948 195 1003 ros,
217 937 352 1009 pastores
365 934 460 988 armat
480 935 569 1005 atque
591 926 626 987 iis
641 944 734 1005 equos
750 925 898 986 attribuit:
922 943 958 986 ex
972 924 1018 987 his
1033 926 1152 987 circiter
1164 943 1216 987 ccc

97 1025 112 1075 3
134 1016 248 1096 equites
270 1013 399 1074 conficit.
439 1012 472 1072 L.
496 1011 623 1072 Manlius
644 1018 764 1090 praetor
786 1010 858 1071 Alba
879 1028 949 1071 cum
969 1010 1143 1072 cohortibus
1164 1029 1217 1072 sex

133 1100 280 1182 profugit,
306 1098 435 1160 Rutilius
457 1096 560 1176 Lupus
589 1104 709 1175 praetor
728 1094 889 1156 Tarracina
912 1114 980 1157 cum
1000 1096 1113 1173 tribus;
1137 1114 1216 1175 quae

132 1185 239 1266 procul
251 1184 411 1261 equitatum
425 1180 556 1243 Caesaris
568 1181 764 1260 conspicatae,
777 1182 825 1242 cui
837 1188 972 1261 praeerat
984 1181 1086 1243 Vibius
1096 1181 1215 1258 Curius,

133 1271 236 1331 relicto
249 1275 386 1347 praetore
401 1267 485 1345 signa
499 1265 536 1326 ad
548 1265 670 1327 Curium
684 1268 869 1328 transferunt
883 1274 972 1345 atque
983 1267 1018 1327 ad
1031 1285 1099 1328 eum
1114 1276 1216 1328 trans·

95 1365 111 1416 4
132 1363 214 1416 eunt.
244 1353 318 1414 ltem
333 1351 455 1431 reliquis
469 1350 627 1413 itineribus
643 1351 804 1412 nonnullae
820 1352 957 1413 cohortes
971 1351 1003 1412 in
1019 1368 1125 1431 agmen
1142 1351 1215 1414 Cae·

89 1458 92 1462 ·
133 1440 215 1513 saris,
236 1437 308 1498 aliae
323 1437 354 1497 in
370 1435 484 1515 equites
503 1436 649 1498 incidunt.
679 1437 842 1497 Beducitur
856 1437 892 1497 ad
913 1455 981 1498 eum
997 1437 1164 1516 deprensus
1179 1455 1216 1498 ex

96 1535 110 1584 5
132 1525 239 1585 itinere
250 1523 284 1583 N.
297 1522 411 1602 Magius
422 1521 577 1596 Cremona,
590 1522 758 1600 praefectus
769 1521 887 1582 fabrum
901 1521 954 1583 Cn.
968 1522 1100 1601 Pompei.
1117 1521 1215 1592 Quem

134 1610 240 1671 Caesar
262 1609 298 1668 ad
321 1626 389 1668 eum
411 1606 534 1668 remittit
554 1624 622 1668 cum
643 1605 803 1667 mandatis:
827 1607 968 1686 quoniam
991 1606 1027 1667 ad
1050 1607 1080 1667 id
1094 1615 1215 1686 tempus

132 1695 256 1755 facultas
272 1692 461 1771 colloquendi
476 1711 537 1753 non
561 1692 664 1769 fuerit,
687 1700 776 1771 atque
796 1691 860 1771 ipse
875 1691 1066 1753 Brundisium
1088 1692 1127 1754 sit
1141 1710 1214 1752 veu-

133 1789 230 1852 turus‚
246 1779 392 1840 interesse
406 1776 569 1856 reipubliae
581 1784 611 1838 et
625 1777 793 1839 communis
807 1777 923 1852 salutis,
939 1796 971 1838 se
987 1794 1055 1838 cum
1070 1777 1214 1856 Pompeio

95 1872 111 1923 6
132 1863 279 1943 colloqui;
295 1882 393 1942 neque
407 1880 477 1923 vero
492 1863 570 1923 idem
584 1863 688 1942 profici
704 1864 795 1942 longo
809 1862 926 1923 itineris
940 1862 1052 1942 spatio,
1074 1880 1143 1922 cum
1158 1880 1215 1942 per

130 1950 204 2011 alios
219 1949 412 2010 condiciones
423 1949 566 2023 ferantur,
582 1966 616 2008 ac
631 1948 655 2010 si
667 1966 766 2009 coram
778 1949 815 2008 dc
831 1946 970 2009 omnibus
985 1947 1215 2009 condicionibus

130 2035 322 2114 disceptetur.

131 2151 189 2202 ben.
217 2148 243 2201 S.
256 2152 282 2213 2,
298 2151 340 2212 32,
353 2151 430 2200 2-3.
446 2175 481 2186 -
492 2150 645 2214 iustumque
697 2145 849 2198 Corfiniums
867 2147 956 2199 seinen
974 2146 1102 2213 Bdelmug'
1120 2151 1215 2212 antrat,

75 2258 79 2277 ,
130 2221 184 2268 iter
195 2217 316 2278 conficit.
327 2216 376 2268 Der
385 2214 646 2282 lingereflufentlralt
697 2214 807 2267 sondern
826 2230 867 2266 am
888 2217 929 2270 20.
942 2215 1023 2266 sebon
1035 2216 1061 2267 in
1073 2215 1215 2268 Canusium

130 2301 178 2337 vor
187 2284 335 2349 Corfinium,
349 2284 427 2335 durch
442 2284 492 2335 den
506 2281 644 2348 Pompeius
697 2299 758 2334 war.
777 2283 828 2337 Cic.
841 2283 875 2335 ad
886 2283 939 2336 act.
953 2286 977 2346 8,
991 2288 1030 2346 14,
1045 2287 1111 2338 1.-
1120 2285 1215 2352 Ponrp.

131 2356 241 2419 gerettet
251 2352 348 2416 wurde,
357 2351 418 2403 weil
430 2367 458 2403 es
470 2350 522 2401 ibm
534 2351 646 2416 mdglicb
696 2353 824 2403 -iubet
853 2350 903 2403 Ber
920 2349 991 2402 Brief
1009 2351 1055 2403 des
1072 2350 1215 2418 Pompeius

130 2421 228 2485 wurde,
251 2421 322 2472 seine
340 2419 461 2486 'l'ruppen
487 2432 646 2470 zusammen·
697 2434 730 2470 an
761 2419 803 2470 dic
825 2417 941 2470 llonsuln
968 2419 1019 2470 Cic.
1047 2418 1079 2470 ad
1105 2419 1160 2473 Act.
1187 2424 1212 2484 8,

130 2489 284 2554 zahringen,
302 2486 457 2540 veranlafste
475 2486 561 2550 Cisar,
579 2487 646 2539 noch
700 2489 730 2539 12
748 2485 778 2538 Α.

130 2557 197 2608 nach
214 2555 306 2623 Mittag
327 2555 464 2608 desselben
482 2553 567 2619 Tages
589 2554 646 2606 auf·
731 2557 755 2606 2.
772 2570 863 2605 aarum
880 2558 977 2606 armat.
1011 2552 1134 2606 Dasselbc
1152 2555 1213 2608 thul

129 2625 282 2687 zubrechen,
295 2640 338 2676 um
351 2622 644 2676 dasVersiumtenach-
696 2623 751 2675 sein
779 2621 850 2674 Sobn
877 2625 901 2685 3,
928 2625 953 2685 4,
975 2625 1000 2674 4.
1027 2650 1061 2659 -
1088 2622 1213 2684 conficit.-

130 2692 248 2744 zubolen.
277 2692 310 2743 Er
327 2693 397 2759 legtc
418 2691 497 2743 daher
513 2690 580 2742 noch
598 2691 644 2742 das
698 2694 737 2754 15,
755 2693 779 2743 5.

128 2755 203 2812 ‘Mass
225 2759 270 2812 der
295 2760 493 2826 gcwdbnlichen
518 2750 643 2811 Mirsche'
729 2756 1212 2823 4.ll'.(Numerius)MagiusOremona

128 2832 230 2880 iustum
246 2831 299 2878 iter
321 2829 397 2892 (sau
410 2833 434 2894 3,
447 2831 488 2894 76,
503 2827 645 2892 flaunick,
695 2850 729 2870 =
751 2826 941 2879 Crmuoumasc'r.
967 2824 1017 2877 Zur
1028 2825 1213 2894 Bezeichnuug

128 2913 172 2950 um
194 2895 342 2963 Pompeius,
368 2897 412 2948 der
439 2912 471 2948 an
494 2895 643 2947 demselben
695 2895 854 2948 derHeimat
869 2895 960 2946 steben
977 2894 1100 2947 meistens
1116 2894 1211 2947 Adiec-

128 2963 643 3032 'l'agevonCanusiumnachrundisium
694 2964 755 3028 tiva,
773 2963 901 3016 auueilen
923 2962 984 3014 aber
1001 2963 1068 3014 aucb
1085 2961 1213 3015 Substan-

128 3048 350 3153 {trattati
364 3031 644 3153 ‘tfl’l‘lo‘ltf
693 3030 1212 3166 fttof‘ftttttttlfttlltgf

130 3173 156 3220 1:
175 3185 205 3219 eo
217 3169 295 3219 modo
312 3173 401 3219 numm
412 3171 533 3220 ambulat
545 3138 642 3220 Caium³
694 3171 718 3232 3,
731 3171 745 3218 ἵ
750 3172 772 3231 1,
787 3138 806 3219 1'
814 3168 867 3218 und
879 3167 908 3219 B.
918 3168 946 3221 d.
960 3172 984 3231 5,
998 3170 1039 3231 27,
1051 3170 1073 3220 f.
1088 3197 1116 3207 —
1126 3183 1212 3232 prae-

128 3241 155 3287 et
170 3238 206 3286 iis
228 3236 327 3287 diuidis
346 3238 463 3288 militum
481 3238 643 3288 celeadtotcm
694 3236 780 3297 sectus
803 3234 912 3296 fabrum
935 3250 989 3286 war
1011 3236 1056 3288 der
1077 3234 1143 3286 Chef
1163 3235 1211 3288 der

126 3307 232 3366 incitat,
259 3308 291 3353 ut
311 3306 427 3366 timeam,
450 3320 484 3354 ne
504 3306 586 3354 citius
607 3304 645 3355 od
693 3303 843 3369 lngenieure
869 3303 976 3367 (Ιαὸνῆς
1003 3319 1030 3355 er
1055 3303 1144 3355 lcitetc
1166 3301 1210 3356 die

127 3372 312 3437 Brundisium,
326 3387 406 3436 quam
418 3373 536 3438 apersit,
554 3386 641 3422 acces·
692 3370 984 3438 Belagerungsarbeiten
1006 3371 1059 3423 und
1077 3371 1148 3424 hatte
1166 3371 1209 3424 die

127 3443 202 3492 amc.
219 3468 253 3476 —
272 3444 298 3490 et
309 3455 361 3506 per
377 3438 445 3501 fines
461 3468 496 3476 -
509 3442 641 3505 peruenit.
692 3439 1017 3506 Belagerungsmascbinen
1035 3439 1087 3491 und
1105 3440 1147 3492 die
1160 3439 1209 3492 Ge-

127 3508 199 3561 Suet.
212 3508 283 3560 Caes.
297 3511 342 3561 34:
359 3509 503 3558 secundum
514 3523 642 3573 caeparum
692 3507 798 3560 schutze
816 3510 890 3559 unter
908 3508 971 3561 sich.

125 3594 201 3629 mare
230 3576 408 3627 Bracnda'cium
438 3576 561 3640 tetendit,
589 3591 641 3641 quo
727 3579 801 3629 5-6.
829 3580 958 3642 quoniam
981 3605 1013 3614 -
1037 3577 1209 3642 disceptetur.

127 3645 444 3710 conculesPompeiurque
453 3643 641 3726 conflagrarant,
693 3643 769 3726 Cisar
781 3644 879 3711 spricht
891 3645 946 3697 hier
955 3645 1069 3696 dieselbe
1077 3643 1208 3710 llollnung

127 3731 207 3837 llll}
219 3711 640 3845 ftt“tt3⁰tf,ftttttfmt
690 3712 1207 3847 fffttfff‘ffltltbtlitabis

126 3849 226 3916 ricbtig,
235 3850 267 3902 da
278 3849 416 3917 Pompeius
428 3849 500 3901 nicht
512 3852 563 3900 erat
573 3849 638 3901 nach
690 3853 770 3915 utque
781 3854 838 3916 ipso
849 3851 897 3902 Br.
908 3853 946 3901 cit
959 3854 1089 3900 uenturus
1100 3848 1153 3901 und
1165 3847 1208 3900 die

127 3916 171 3968 der
192 3917 331 3970 Nacbricbt
352 3933 404 3970 von
430 3917 476 3969 der
497 3916 637 3968 Bianabme
690 3916 780 3970 Worte
797 3934 882 3984 neque
899 3934 962 3970 coro
980 3915 1161 3984 idemprofici
1172 3944 1206 3954 -
