2626 4416
557 244 595 299 Ill.
616 247 724 299 13-16.
1116 244 1175 305 157

104 419 266 503 pestatibns
288 437 323 479 ex
345 417 488 497 pellibus,
518 416 626 496 quibus
649 425 733 479 erant
754 425 848 479 tectae
871 437 973 494 naves,
996 429 1176 482 nocturnum

106 506 240 586 excipere
262 522 360 565 rorem
383 510 571 583 cogerentur.
603 501 683 572 Quas
704 511 803 564 tamen
826 504 1013 565 difficultates
1030 505 1179 584 patienter
1200 516 1214 565 t

104 601 191 670 atque
214 608 308 669 aequo
332 588 431 649 animo
446 586 581 649 serebant
597 605 695 666 neque
710 587 765 648 sihi
780 588 918 650 nudanda
933 589 1018 650 litora
1041 599 1070 650 et
1085 591 1177 652 rolin·-

106 675 239 756 quendas
254 682 359 756 portus
374 671 590 734 existimabant.
619 670 679 732 Sed
693 691 761 733 cum
777 673 917 735 essentia
931 674 1040 754 quibus
1056 676 1179 737 demon·
1201 686 1217 736 6

104 760 193 823 stravi
216 759 360 840 angustiis
375 777 409 818 ac
424 776 456 819 se
471 755 545 817 Libo
562 773 630 817 cum
645 756 751 818 bibulo
773 758 989 835 coniunxisset,
1013 761 1177 839 loquuntur

103 846 191 908 amba
208 865 243 906 ex
259 844 468 905 navibus-cum
478 841 526 902 Μ’.
539 840 632 902 Acilia
648 850 678 902 et
688 841 782 902 'Statio
798 843 899 904 Murco
914 844 1033 923 legatis3
1050 863 1176 924 quorum

104 932 179 992 alter
194 929 295 1010 oppidi
310 928 418 1002 muris,
433 927 505 987 alter
519 926 673 1007 praesidiis
688 927 878 989 terrestribus
892 937 1040 1008 praeerat;
1056 931 1130 991 velle
1145 949 1177 993 se

104 1017 140 1076 de
155 1015 291 1075 maximis
306 1012 396 1074 rebus
412 1030 478 1073 cum
495 1011 617 1074 Caesare
632 1012 724 1090 loqui,
743 1012 768 1074 si
783 1012 837 1074 sibi
854 1013 975 1074 facultas
990 1014 1083 1075 detur.
1113 1015 1180 1076 iluc
1201 1026 1215 1076 t

105 1100 217 1160 addunt
231 1117 325 1181 pauca
341 1098 383 1160 rei
398 1097 618 1158 confirmandae
634 1116 737 1172 causa,
755 1105 789 1158 ut
803 1098 839 1158 de
855 1098 1069 1177 compositione
1084 1101 1179 1161 acturi

104 1185 286 1246 viderentur.
315 1183 436 1245 Interim
452 1183 606 1263 postulant
620 1190 654 1243 ut
669 1183 728 1243 sint
742 1182 888 1257 indutiae,
911 1190 998 1261 atque
1020 1183 1057 1244 ab
1073 1183 1108 1245 iis
1122 1185 1178 1245 im-

105 1278 234 1350 petrant.
265 1269 402 1348 Magnum
417 1269 506 1343 enim,
523 1268 603 1346 quod
617 1267 790 1342 afferebant,
806 1267 968 1343 videbatur,
984 1276 1014 1329 et
1026 1268 1179 1331 Caesarem
1200 1279 1215 1330 8

104 1355 133 1415 id
149 1372 263 1416 summe
277 1353 410 1415 sciebant
425 1372 544 1434 cupere,
560 1361 590 1414 et
600 1353 766 1432 profectum
782 1352 892 1431 aliquid
902 1353 1020 1414 Vibullii
1035 1355 1179 1417 mandatis

104 1439 335 1501 existimabatur.
1187 1512 1190 1519 Ι

190 1521 248 1588 ld.
273 1524 378 1585 Caesar
393 1541 428 1584 eo
443 1531 577 1603 tempore
593 1539 661 1582 cum
675 1521 793 1601 legione
807 1539 868 1582 una
881 1523 1033 1601 proiectus
1047 1524 1082 1584 ad
1102 1525 1179 1586 reci·
1219 1575 1222 1583 .

104 1610 228 1690 piendas
249 1607 407 1670 ulteriores
430 1607 560 1668 civitates
583 1614 612 1668 et
628 1625 690 1667 rem
712 1607 935 1668 frumentariam
958 1608 1179 1688 expediendam,

106 1712 164 1773 qua
186 1701 311 1773 anguste
333 1692 488 1768 utebatur,
511 1701 575 1753 erat
597 1692 632 1753 ad
648 1691 826 1753 Buthrotum
848 1692 988 1771 oppidum
1012 1693 1181 1773 oppositum

106 1779 260 1860 Corcyrae.
291 1776 336 1838 lbi
358 1778 468 1838 certior
488 1776 526 1838 ab
541 1777 634 1838 Acilio
658 1785 687 1838 et
701 1777 804 1837 Murco
827 1793 882 1855 per
903 1776 1014 1838 litteras
1035 1778 1129 1839 lactus
1144 1778 1181 1839 de
1203 1790 1218 1841 t

105 1863 261 1943 postulatis
276 1862 400 1924 Libonis
415 1871 445 1922 et
459 1861 557 1922 Bibuli
575 1863 724 1942 legionem
738 1861 894 1939 relinquit;
917 1861 980 1940 ipse
996 1861 1119 1924 Oricum
1134 1880 1182 1926 re·
1204 1874 1218 1923 3

20 1954 23 1959 '
103 1950 238 2009 vertitur.
268 1947 311 2008 Eo
328 1966 395 2008 cum
409 1947 555 2023 venisset,
578 1955 739 2008 evocantur
754 1946 795 2006 illi
810 1945 846 2005 ad
861 1945 1049 2025 colloquium.
1079 1948 1182 2009 Prodit

104 2033 181 2094 Libo
197 2051 295 2113 neque
311 2040 431 2094 excusat
445 2031 600 2108 Bibulum,
616 2030 696 2112 quod
711 2032 736 2092 is
750 2031 903 2092 iracundia
917 2035 1031 2092 summa
1046 2040 1110 2092 erat
1125 2031 1182 2093 ini·

104 2118 289 2197 micitiasque
311 2118 440 2179 habebat
455 2118 542 2179 etiam
565 2117 692 2197 privatas
715 2134 782 2178 cum
799 2116 921 2178 Caesare
937 2135 973 2177 ex
992 2116 1137 2178 aedilitate
1153 2125 1182 2178 et

104 2285 207 2338 Ebeuso
225 2285 259 2337 ist
271 2301 342 2337 terens
353 2284 494 2352 gebraueht
511 2285 552 2336 bei
566 2286 617 2337 Cic.
703 2283 747 2338 ld.
769 2287 790 2335 t.
809 2284 966 2334 etiteriorea:
984 2283 1025 2335 die
1043 2283 1182 2336 entlemte-

105 2353 138 2406 de
157 2356 360 2418 οῐ.1,19,131;
379 2355 411 2404 de
429 2355 480 2405 boe
496 2369 552 2404 nno
569 2357 619 2404 nn·-
669 2368 722 2417 ren,
741 2351 840 2404 sixdlich
859 2351 1000 2418 gelegenen
1019 2350 1133 2406 Stanten.
1146 2379 1180 2390 —

105 2421 619 2489 nimeeatfnciiepraeeiperenonmibi
670 2437 724 2486 qun
742 2423 855 2484 ungenta
872 2422 1016 2470 utebatur.-
1035 2435 1056 2471 c.
1076 2422 1100 2484 2,
1115 2421 1139 2472 2.
1160 2422 1182 2483 1,

82 2529 85 2535 ,
105 2491 192 2552 modo,
212 2491 259 2557 qni
270 2493 436 2541 aientnnue
445 2495 528 2554 pater
539 2488 619 2550 fami·
670 2490 712 2553 59,
725 2490 749 2539 2.
780 2486 808 2538 B.
822 2485 851 2538 G.
869 2490 892 2550 5,
912 2490 953 2552 24,
973 2490 999 2539 1:
1016 2485 1183 2547 frumentum

107 2559 158 2608 lias
175 2558 217 2607 iiia
229 2558 261 2608 de
272 2560 351 2608 rebus
362 2558 468 2623 loquor,
486 2573 512 2623 p.
524 2555 618 2608 Roscio
670 2558 812 2620 angustius
825 2559 996 2621 provenerat.

108 2625 266 2687 Gom.5,15:
281 2625 422 2675 advocatio
435 2640 466 2675 ea
480 2629 619 2689 est‚quunt
705 2625 728 2674 3.
755 2637 841 2687 neque
857 2627 984 2672 temnat:
1010 2636 1037 2672 er
1055 2620 1184 2674 autschul·

103 2696 218 2758 propter
242 2694 370 2742 eeetniium
397 2691 563 2757 splendorem
589 2695 622 2741 ut
672 2688 1052 2755 digtseinbusbleibennieht,
1065 2687 1184 2741 weildas

106 2759 222 2809 indicem
234 2772 318 2808 unum
330 2761 418 2809 amari
429 2759 576 2823 debeamus,
589 2757 620 2809 ad
671 2756 738 2808 doch
760 2755 885 2808 fruchtlos
909 2770 1029 2823 genesen
1048 2757 1124 2809 wire.
1149 2787 1184 2794 —

106 2825 160 2878 Ait.
170 2828 194 2889 e,
207 2828 247 2891 10,
257 2828 285 2877 2:
305 2840 395 2876 amena
407 2827 476 2876 milti
486 2823 570 2886 fuisse
581 2828 621 2876 ai·
672 2842 707 2876 ece
715 2825 853 2875 aedilitate
862 2829 1024 2890 etpraetnrn
1034 2829 1183 2890 conceptae.

108 2895 173 2946 deor
190 2910 207 2944 a
220 2895 361 2960 principio
381 2898 407 2944 et
423 2909 465 2943 nae
481 2909 537 2944 nna
556 2895 621 2944 liaeo
671 2892 705 2944 Er
723 2907 777 2944 war
794 2893 841 2944 mit
858 2892 935 2944 Gisar
948 2892 1008 2944 Adii
1024 2890 1077 2957 und
1094 2890 1184 2944 Pritor

106 2979 150 3014 ree
168 2965 282 3028 torquet,
301 2962 374 3028 quod
389 2977 445 3012 non
462 2999 469 3014 .
484 2999 490 3012 .
504 2998 529 3015 ..
547 2962 622 3012 Pom·
690 2975 793 3012 ewesen
811 2961 854 3024 (zu
872 2975 893 3012 c.
912 2964 935 3024 5,
954 2962 988 3023 t).
1024 2958 1093 3011 Uber
1114 2960 1183 3025 spine

102 3033 195 3098 peiecm
206 3035 340 3097 tamquam
350 3045 434 3081 unns
443 3028 623 3096 manipularis
672 2975 792 3094 biellung
804 3043 835 3079 nu
848 3027 924 3079 uasat
936 3026 1057 3079 wibrend
1071 3027 1116 3079 der
1124 3026 1185 3080 Adi-

106 3103 213 3150 aeeotna
224 3100 283 3152 dm.
301 3097 411 3150 Ahnlich
424 3098 459 3149 ist
471 3097 537 3149 auch
549 3097 620 3149 Gaas,
672 3096 731 3148 litat
752 3096 787 3147 im
804 3094 828 3147 l.
847 3099 878 3148 65
898 3111 918 3148 s.
937 3095 1007 3148 Suet.
1027 3095 1119 3148 Caesar
1138 3100 1183 3148 to:

106 3166 136 3218 B.
145 3166 174 3219 G.
188 3169 212 3232 2,
224 3168 266 3230 15,
279 3170 307 3219 2:
325 3170 400 3218 rento
420 3168 453 3217 ab
470 3168 623 3218 novissimia
675 3163 838 3217 Veneticum
861 3164 989 3231 indemne
1012 3169 1038 3215 ei
1055 3179 1114 3216 eum
1132 3166 1185 3217 col·

106 3238 156 3286 uni
179 3235 262 3285 militi
286 3235 414 3287 detrecto.
431 3263 466 3274 -
484 3234 623 3298 diffieilio—
673 3233 734 3298 lega
752 3237 779 3282 et
793 3235 939 3300 separatim
955 3233 1045 3298 edidit,
1064 3248 1116 3299 qno
1127 3231 1185 3294 fac-

107 3303 182 3351 ribns
198 3305 242 3352 uei
263 3307 353 3369 temp„
377 3317 407 3355 so
425 3301 481 3354 dals
504 3303 543 3355 sie
560 3302 621 3355 lxein
673 3306 731 3352 inm
756 3305 805 3368 ert,
827 3306 859 3354 nt
883 3304 1061 3353 communium
1080 3317 1185 3369 qnoque

108 3367 214 3420 Wasser
222 3384 274 3421 von
283 3370 394 3438 Corcyra
406 3370 484 3423 halen
496 3369 620 3424 kounten.
671 3373 853 3436 impensarum
872 3371 944 3421 solua
963 3372 1085 3436 gratiam
1109 3384 1185 3436 eape-
1295 3425 1298 3430 .

143 3439 166 3488 ti.
186 3451 245 3487 cum
264 3443 348 3488 estant
364 3441 394 3488 in
406 3441 502 3504 quibua
514 3440 621 3490 demon·
671 3443 722 3504 ret,
739 3454 789 3490 nae
801 3438 982 3489 dissimularet
999 3439 1101 3502 collega
1119 3440 1185 3501 eina,

108 3505 195 3555 atroci
207 3507 421 3568 angustiir=in
433 3509 469 3557 iia
478 3506 621 3572 angustiis,
672 3505 708 3557 M.
732 3506 857 3569 Bibulus,
883 3509 997 3557 evendere
1022 3508 1085 3570 eibi,
1113 3506 1187 3572 qnod

108 3575 139 3623 in
158 3573 253 3638 quibua
271 3587 323 3622 ece
348 3589 416 3623 aare
434 3574 622 3639 demonstravi,
672 3572 778 3625 Polluci
781 3592 792 3636 ,·
802 3578 834 3624 nt
844 3576 915 3624 enim
923 3576 1039 3639 geininia
1050 3572 1185 3634 fratribus

109 3641 160 3692 wie
173 3638 201 3692 B.
213 3638 267 3692 Atr.
280 3642 322 3707 96,
335 3642 365 3692 2:
383 3639 475 3707 Scipio
493 3657 552 3693 cnm
565 3645 623 3708 qoi-
674 3641 752 3692 aedes
774 3643 804 3691 in
826 3639 888 3702 foro
911 3644 1057 3691 constituta
1080 3644 1185 3690 tantum

110 3708 158 3759 bna
173 3707 256 3775 paulo
275 3711 339 3759 ante
355 3710 494 3759 nominavi
510 3711 623 3762 interiit.
675 3709 794 3762 Castoris
810 3712 960 3773 vocaretur,
978 3711 1018 3757 ita
1034 3722 1111 3758 auam
1123 3707 1185 3758 Cae

109 3804 143 3813 -
161 3776 254 3842 oppidi
272 3774 296 3828 d.
316 3777 332 3829 i.
352 3775 427 3827 Orici.
673 3779 794 3842 saneque
805 3775 1017 3838 mainifieentiam
1029 3777 1110 3825 onina
1123 3773 1186 3826 Gue-

144 3846 170 3897 8,
186 3846 312 3910 sciebant,
332 3842 444 3897 uimlieh
454 3843 553 3898 Acilius
571 3843 623 3896 und
673 3847 744 3896 sanie
756 3844 819 3896 diei.
837 3842 888 3894 Das
900 3842 979 3894 nither
989 3841 1108 3908 liegende
1117 3840 1185 3896 Kon-

109 3908 219 3966 Murus.
674 3912 754 3976 sulat,
778 3912 803 3964 in
827 3909 954 3962 walchem
977 3908 1018 3962 die
1034 3909 1184 3978 liliishallig-
