2626 4416
546 246 583 300 Ill.
602 251 711 303 83-86.
1102 243 1162 306 217

93 422 289 500 apertioribus
302 417 375 483 locis
389 430 503 502 septem
524 422 637 483 milium
651 422 901 502 Pompeianorum
916 423 1074 500 impetum,
1095 442 1163 484 cum

93 509 207 569 adesset
221 526 300 583 usus,
316 508 464 569 sustinere
479 508 622 568 auderent
637 525 735 586 neque
750 525 931 586 magnopere
946 526 1049 568 eorum
1064 509 1163 569 multi-

92 593 194 653 tudine
214 601 408 654 terrerentur.
449 593 581 670 Namque
604 592 691 652 ctiam
714 611 767 671 per
789 611 840 653 eos
861 593 923 654 dies
949 591 1096 672 proelium
1118 601 1200 654 se-5

92 678 222 738 cundum
248 686 385 757 equestre
414 677 485 737 fecit
515 686 603 755 atque
634 695 729 737 unum
754 677 945 757 Allobrogem
976 696 1012 737 ex
1037 677 1163 750 duobus,

91 781 166 842 quos
181 763 348 843 perfugisse
364 763 399 822 ad
415 762 587 840 Pompeium
603 780 692 841 supra
713 761 883 838 docuimus,
907 781 974 824 cum
990 762 1166 841 quibusdam

90 848 249 909 interfecit.

177 928 231 995 85.
243 931 410 1010 Pompeius,
427 932 477 1010 qui
489 940 583 993 castra
594 933 625 992 in
638 932 713 992 colle
724 931 860 1008 habebat,
876 933 911 993 ad
923 933 1038 994 infimas
1053 934 1167 994 radices

91 1018 201 1078 montis
216 1017 309 1077 aciem
323 1016 489 1078 instruebat
502 1036 628 1098 semper,
645 1026 678 1077 ut
691 1016 853 1093 videbatur,
869 1028 1054 1096 exspectans,
1069 1019 1093 1078 si
1108 1018 1166 1078 ini·

93 1103 159 1182 quis
180 1103 253 1163 locis
265 1102 372 1164 Caesar
393 1121 425 1163 se
440 1103 595 1164 subiceret.
629 1102 735 1163 Caesar
751 1103 831 1163 nulla
854 1103 968 1163 ratione
984 1103 1020 1162 ad
1035 1120 1166 1182 pugnam
1187 1110 1202 1160 2

92 1187 158 1247 clici
173 1206 260 1267 posse
272 1188 446 1268 Pompeium
460 1188 638 1261 existimans,
653 1188 731 1248 banc
746 1187 801 1249 sibi
817 1187 1083 1248 commodissimam
1096 1187 1165 1247 belli

91 1273 237 1334 rationem
252 1273 397 1348 iudicarit,
412 1273 455 1333 uti
470 1281 564 1334 castra
579 1292 614 1333 ex
630 1290 665 1332 eo
677 1273 744 1332 loco
759 1283 891 1334 moveret
901 1291 1078 1352 semperque
1090 1282 1167 1334 esset

92 1359 122 1418 in
143 1358 317 1434 itineribus,
344 1359 416 1419 haec
441 1366 593 1438 spectans,
620 1367 653 1418 ut
673 1358 826 1418 movendis
847 1358 951 1419 castris
971 1358 1167 1437 pluribusque

92 1443 235 1504 adeundis
249 1444 323 1504 locis
337 1443 539 1504 commodiore
554 1462 587 1503 rc
601 1443 793 1503 frumentaria
808 1450 957 1517 uteretur,
972 1443 1120 1522 simulque
1134 1444 1165 1504 in

91 1529 198 1589 itinere
220 1536 253 1589 ut
275 1529 403 1607 aliquam
425 1530 612 1590 occasionem
637 1527 795 1588 dimicandi
818 1528 1040 1589 nancisceretur
1066 1538 1095 1589 et
1119 1529 1166 1588 in-

91 1613 211 1675 solitum
232 1614 268 1673 ad
289 1612 422 1674 laborem
437 1614 559 1694 Pompei
579 1614 740 1674 exercitum
762 1613 916 1674 cotidianis
936 1611 1093 1673 itineribus
1114 1615 1166 1672 de-

92 1699 236 1777 fatigaret.
259 1698 312 1760 His
323 1699 491 1761 constitutis
502 1699 602 1774 rebus,
618 1700 703 1778 signo
715 1699 774 1758 iam
784 1697 978 1778 profectionis
989 1699 1056 1758 dato
1067 1698 1166 1759 taber·
1187 1705 1202 1754 3

92 1784 266 1862 naculisque
278 1784 408 1845 detensis
418 1785 653 1846 animadversum
665 1784 805 1864 estpaulo
817 1791 885 1844 ante
898 1793 979 1844 extra
991 1784 1167 1845 cotidianam

92 1870 341 1930 consuetudinem
362 1869 479 1949 longius
501 1889 517 1930 a
535 1871 609 1931 vallo
631 1888 696 1932 esse
716 1869 809 1930 aciem
824 1868 947 1948 Pompei
968 1887 1165 1948 progressam,

92 1964 126 2015 ut
140 1973 201 2015 non
218 1955 321 2034 iniquo
343 1955 409 2015 loco
424 1974 512 2035 posse
527 1955 660 2015 dimicari
680 1955 838 2015 videretur.
868 1954 954 2015 'l'unc
970 1953 1076 2016 Caesar
1090 1955 1167 2034 apud
1188 1962 1204 2009 t

92 2058 172 2114 suos,
188 2059 257 2101 cum
271 2041 330 2101 iam
345 2050 422 2102 esset
442 2059 547 2119 agmen
563 2041 593 2101 in
616 2040 726 2120 portis,
749 2040 962 2101 ‘Differendum
977 2039 1040 2123 est',
1062 2040 1167 2118 inquit,

93 2125 159 2184 ‘iter
180 2125 210 2185 in
232 2125 398 2204 praesentia
420 2126 508 2187 nobis
528 2127 610 2186 etde
631 2125 745 2205 proelio
766 2125 971 2205 cogitandum,
993 2125 1070 2186 sicut
1090 2143 1168 2186 sem-

90 2228 146 2289 per
157 2209 393 2291 depoposcimus.
409 2212 516 2273 Animo
528 2211 620 2272 simus
632 2211 668 2271 ad
679 2211 877 2271 dimicandum
888 2211 997 2289 parati:
1009 2230 1071 2271 non
1083 2209 1167 2270 facile
1204 2277 1205 2281 ¹

92 2295 280 2356 occasionem
301 2307 403 2376 postea
424 2296 633 2377 reperiemus';
661 2296 876 2374 confestimque
898 2296 1046 2375 expeditas
1068 2295 1168 2374 copias

92 2378 199 2441 educit.
441 2446 445 2456 ‚

177 2461 231 2528 86.
259 2465 418 2545 Pompeius
439 2485 573 2545 quoque,
600 2473 633 2525 ut
653 2473 755 2545 postea
782 2464 935 2543 cognitum
961 2473 1020 2538 est,
1043 2483 1166 2526 suorum

93 2549 225 2608 omnium
248 2549 367 2610 hortatu
380 2547 530 2621 istatuerat
548 2550 661 2629 proelio
683 2550 844 2611 decertare.
880 2549 1012 2626 Namque
1033 2549 1120 2608 etiam
1135 2550 1166 2610 in

92 2633 216 2693 consilio
243 2634 446 2713 superioribus
467 2634 572 2695 diebus
598 2635 724 2708 dixerat,
750 2633 925 2713 priusquam
951 2643 1167 2694 concurrerent

92 2716 184 2792 acies,
210 2718 275 2778 fore
301 2718 344 2778 uti
370 2719 515 2780 exercitus
541 2719 673 2780 Caesaris
703 2719 873 2798 pelleretur.
914 2718 946 2778 ld
973 2735 1041 2777 cum
1068 2724 1202 2780 essentt

91 2801 227 2883 plerique
249 2803 396 2878 admirati,
423 2804 501 2865 ‘Scio
523 2803 589 2878 me',
615 2804 725 2882 inquit,
749 2807 853 2883 ‘paene
875 2801 1080 2864 incredibilem
1102 2823 1165 2865 rem

91 2887 240 2967 polliceri3
263 2889 314 2949 sed
328 2889 473 2950 rationem
489 2889 604 2950 consibi
625 2890 683 2949 mei
698 2889 830 2969 accipite,
846 2907 905 2967 quo
921 2888 1051 2949 firmiore
1067 2888 1165 2950 animo

91 2974 121 3033 in
144 2973 292 3053 proelium
314 2975 472 3054 prodeatis.
507 2975 644 3036 Persuasi
666 2972 815 3052 equitibus
838 2975 947 3034 nostris
973 2974 1074 3052 (idque
1095 2974 1166 3034 mihi
1189 2978 1204 3027 3

90 3060 222 3120 facturos
233 3060 505 3134 confirmaverunt),
521 3068 562 3134 ut,
579 3078 647 3120 cum
664 3058 787 3136 propius
805 3058 843 3119 sit
854 3077 1013 3130 accessum,
1030 3059 1166 3122 dextrum

91 3175 184 3226 tiviscb
204 3175 352 3240 gebraucht.
370 3205 404 3213 —
422 3192 483 3227 cum
501 3176 605 3226 adesset
655 3176 761 3224 insueta
779 3173 816 3224 od
827 3176 1066 3239 oneroportondo3
1084 3183 1165 3239 sonst‚

91 3257 169 3292 auus.-
199 3241 349 3309 Bedurfnis,
383 3243 603 3310 Notwendiglteit.
656 3242 705 3293 wie
717 3244 846 3305 insuetos,
858 3241 906 3293 mit
917 3242 973 3294 dem
984 3243 1093 3297 Genitir.
1107 3242 1165 3296 Wie

91 3308 120 3360 B.
134 3307 162 3361 G.
176 3313 200 3375 7,
213 3314 254 3376 80,
268 3315 294 3364 1:
314 3315 340 3362 ei
354 3328 419 3364 mm
436 3315 543 3374 uoniot;
561 3327 604 3377 ge·
656 3311 714 3362 sehr
727 3309 769 3360 die
782 3308 906 3361 Soldaten
918 3310 963 3362 des
972 3311 1110 3379 Pompeius
1122 3311 1166 3366 de·

91 3376 223 3429 wbhnlicb
241 3395 305 3430 usos
322 3385 374 3430 ost.-
397 3379 426 3432 B.
439 3381 469 3433 G.
486 3385 512 3447 4,
530 3382 553 3445 2,
573 3382 602 3442 33
655 3394 704 3431 nen
728 3378 819 3430 Gasars
845 3393 876 3430 an
902 3378 1165 3446 Marscbieriabigkeit

92 3449 116 3510 6,
132 3449 171 3511 15,
186 3449 208 3499 t.
655 3446 838 3512 uacbstanden,
856 3446 929 3499 batte
946 3448 991 3499 der
1001 3448 1101 3500 Marsch
1113 3464 1164 3500 von

126 3517 150 3565 5.
168 3529 265 3579 cupra:
284 3529 305 3565 c.
318 3516 359 3566 59.
655 3514 837 3582 Dyrrhachium
867 3531 913 3567 ans
941 3516 1097 3581 hinlbnglicb
1121 3530 1165 3580 ge-

126 3579 172 3635 85.
194 3586 215 3635 l.
234 3586 390 3649 conpactam
406 3584 438 3646 si,
456 3582 506 3642 cb,
531 3597 551 3633 s.
570 3597 601 3634 zu
653 3583 729 3647 zeigt.

94 3654 115 3714 1,
129 3653 153 3714 5,
166 3652 193 3711 2;
213 3652 236 3715 2,
252 3652 330 3714 341.
689 3653 713 3705 3.
732 3651 853 3716 detonsis,
873 3666 934 3702 vom
952 3648 1102 3701 Abbrechen
1121 3648 1166 3699 der

126 3720 149 3770 2.
169 3718 345 3770 comanodicre
368 3734 400 3768 re
420 3717 602 3779 frumentario
654 3718 859 3786 aufgespannten
875 3718 946 3769 Zelte
964 3717 1080 3779 (tondere
1092 3715 1120 3766 B.
1135 3714 1163 3768 G.

90 3789 221 3839 atteretur.
232 3787 317 3840 Lucan
331 3790 355 3851 7,
365 3788 426 3839 236;
440 3787 477 3837 od
485 3790 603 3851 segetum
655 3791 679 3853 6,
691 3790 732 3852 37,
745 3789 782 3851 2);
803 3802 832 3838 so
849 3785 903 3835 Liv.
917 3787 956 3848 41,
975 3786 998 3847 3,
1018 3788 1043 3835 t:
1061 3786 1167 3834 narttfci

91 3868 124 3903 re
144 3858 318 3907 immoturus
326 3855 603 3919 signo-tmolum
656 3855 828 3906 tabernaculo
847 3851 999 3903 detendunt.

91 3936 109 3970 o
141 3921 265 3988 laborm,
284 3923 335 3976 wie
349 3926 372 3990 1,
386 3925 427 3989 7⁸,
440 3925 468 3974 2:
488 3937 602 3988 corporo
690 3926 713 3976 4.
731 3924 829 3974 Animo
845 3921 948 3985 parati.
967 3917 993 3973 S.
1006 3934 1037 3970 zu
1051 3920 1074 3982 2,
1087 3921 1128 3986 34,
1141 3921 1164 3970 6.
