2626 4416
165 247 226 308 196
561 244 723 303 ccccmo
741 243 834 299 GlVlLl

165 433 194 484 et
209 441 315 483 novam
329 429 474 500 temptare
488 421 639 481 fortunam
655 437 804 497 novasque
818 417 959 478 amicitias
975 417 1102 497 experiri
1125 418 1241 479 consti-

127 521 143 570 4
163 517 293 569 luerunt.
322 506 360 567 Et
376 524 443 565 cum
457 505 559 585 paucis
573 503 712 565 collocuti
728 503 886 564 clientibus
900 503 976 578 suis,
999 502 1106 582 quibus
1121 510 1241 564 tantum
1301 527 1303 533 ·

165 594 280 654 lacinus
302 591 484 653 committere
506 590 666 662 audebant,
693 589 822 669 primum
845 587 943 649 conati
965 597 1035 649 sunt
1056 589 1241 668 praefectum

166 679 299 758 equitum
312 676 342 737 C.
355 676 535 737 Volusenum
546 676 725 748 interlicere,
737 683 771 735 ut
781 683 884 753 postea
895 674 972 734 bebo
984 674 1123 734 confecto
1135 675 1241 754 cogni-

165 774 228 824 tum
243 773 296 836 est,
311 771 344 821 ut
356 779 424 821 cum
438 779 562 821 munere
577 759 675 838 aliquo
690 759 856 839 perfugisse
867 760 903 820 ad
915 758 1088 838 Pompeium
1102 756 1242 820 videren-

130 863 144 911 5
165 859 227 923 tu1·;
249 856 406 927 postquam
421 846 450 906 id
473 846 620 906 difficilius
633 845 728 905 visum
743 854 787 906 est
803 863 901 923 neque
923 845 1044 905 facultas
1065 844 1243 923 perficiendi

166 933 302 1006 dabatur,
319 950 407 1010 quam
421 931 561 992 maximas
576 938 738 1010 potuerunt
752 929 895 1010 pecunias
910 929 1048 1003 mutuati,
1063 930 1191 1010 proinde
1207 949 1242 990 ac

166 1019 227 1080 suis
248 1018 416 1080 satisfacere
440 1025 468 1078 et
488 1016 620 1076 fraudata
643 1015 799 1076 restituere
821 1014 944 1088 vellent,
974 1015 1073 1075 multis
1096 1016 1242 1095 coemptis

167 1103 251 1182 equis
265 1103 299 1162 ad
316 1101 489 1181 Pompeium
505 1101 688 1162 transierunt
703 1118 771 1160 oum
786 1099 836 1175 iis,
859 1119 934 1179 quos
949 1099 994 1161 sui
1010 1100 1128 1161 consilii
1148 1101 1242 1180 parti-

167 1189 247 1268 cipes
261 1186 418 1247 babebant.
965 1252 971 1263 ,

251 1271 310 1337 61.
333 1271 415 1341 Quos
430 1270 602 1349 Pompeius,
626 1270 706 1349 quod
728 1278 813 1330 erant
834 1270 960 1330 honesto
982 1269 1049 1330 loeo
1072 1269 1134 1329 nati
1148 1277 1180 1331 et
1195 1269 1244 1330 in-

166 1357 273 1419 structi
287 1355 447 1417 liberaliter
461 1374 630 1434 magnoque
644 1355 785 1416 comitatu
796 1365 824 1416 et
836 1354 936 1416 multis
947 1354 1086 1415 iumentis
1097 1365 1245 1416 venerant

166 1443 281 1521 virique
302 1444 395 1502 fortes
416 1440 603 1502 habebantur
618 1450 648 1502 et
662 1441 692 1502 in
709 1441 824 1501 bonore
843 1440 919 1520 apud
937 1439 1089 1501 Caesarem
1111 1441 1244 1514 fuerant,

168 1528 306 1606 quodque
322 1546 430 1588 novum
446 1534 475 1586 et
489 1535 607 1606 praeter
622 1527 868 1588 consuetudinem
890 1525 1050 1599 acciderat,
1073 1525 1175 1586 omnia
1190 1544 1244 1586 sua

131 1625 146 1675 2
166 1613 310 1692 praesidia
321 1611 516 1675 circumduxit
528 1620 616 1690 atque
629 1612 793 1672 ostentavit.
817 1610 890 1671 llam
902 1620 971 1672 ante
982 1611 1010 1671 id
1023 1620 1141 1690 tempus
1153 1629 1243 1671 nemo

168 1708 218 1758 aut
228 1698 312 1759 miles
323 1706 373 1758 aut
385 1692 475 1776 eq'ues
487 1715 503 1756 a
516 1697 639 1758 Caesare
651 1697 686 1757 ad
698 1696 872 1776 Pompeium
884 1696 1050 1771 transierat,
1067 1714 1135 1755 cum
1147 1714 1245 1775 paene

114 1781 120 1791 '
168 1783 274 1844 cotidie
288 1802 304 1843 a
319 1781 459 1862 Pompeio
475 1783 510 1842 ad
526 1782 679 1844 Caesarem
695 1783 902 1861 perlegerent,
925 1782 1011 1861 vulgo
1026 1800 1097 1841 vero
1112 1781 1244 1844 universi

168 1869 198 1928 in
211 1868 303 1948 Epiro
315 1877 403 1947 atque
415 1867 527 1928 Aetolia
539 1868 701 1947 conscripti
712 1866 819 1928 milites
831 1885 993 1945 earumque
1008 1866 1168 1946 regionum
1180 1885 1246 1928 om·

132 1967 146 2016 3
167 1953 260 2029 nium,
277 1973 352 2032 quae
363 1972 379 2012 a
391 1953 514 2014 Caesare
525 1953 713 2014 tenebantur.
740 1952 799 2012 Sed
809 1951 840 2012 bi
852 1952 979 2030 cognitis
991 1952 1131 2013 omnibus
1143 1951 1245 2025 rebus,

167 2059 220 2100 seu
235 2039 306 2118 quid
320 2039 352 2098 in
368 2037 583 2099 munitionibus
597 2039 761 2118 perfectum
778 2056 837 2098 non
856 2047 926 2111 erat,
941 2056 993 2098 seu
1009 2037 1079 2116 quid
1092 2055 1108 2096 a
1119 2036 1245 2117 peritio-

168 2123 251 2184 ribus
265 2124 308 2184 rei
323 2122 457 2184 militaris
471 2123 632 2184 desiderari
645 2123 811 2196 videbatur,
833 2122 1078 2201 temporibusque
1098 2140 1200 2182 rerum
1214 2133 1245 2184 et

167 2208 269 2287 spatiis
296 2209 430 2268 locorum
458 2217 487 2268 et
515 2208 715 2269 custodiarum
742 2208 820 2267 varia
848 2206 998 2286 diligentia
1031 2206 1244 2282 animadversa,

167 2302 258 2372 prout
268 2293 412 2372 cuiusque
424 2311 537 2366 eorum,
554 2293 604 2371 qui
616 2293 743 2373 negotiis
757 2302 924 2372 praeerant,
938 2303 988 2353 aut
1000 2304 1105 2354 natura
1116 2300 1169 2354 aut
1180 2302 1245 2355 stu·

167 2377 249 2438 dium
263 2378 384 2450 ferebat,
400 2379 472 2438 baec
487 2377 523 2438 ad
538 2378 712 2458 Pompeium
729 2378 828 2439 omnia
842 2378 1022 2438 detulerunt.

167 2499 235 2544 trem
252 2498 339 2559 tnum,
362 2495 410 2544 sed
427 2492 514 2554 fratri
537 2499 583 2546 tuo
601 2512 680 2561 repc-
730 2501 774 2546 ten
796 2493 896 2558 herum,
925 2509 977 2545 von
1001 2493 1059 2545 dem
1082 2494 1159 2546 einen
1185 2510 1246 2548 zum

165 2565 259 2628 gnooz'.
730 2561 841 2614 anderen
852 2562 925 2625 (fiber
935 2564 1037 2613 circum
1047 2578 1066 2614 s.
1076 2578 1109 2614 zu
1121 2565 1144 2628 1,
1155 2566 1196 2628 14,
1207 2563 1245 2627 5).

202 2635 226 2682 4.
239 2633 404 2696 componete
416 2629 556 2682 edentibus
567 2634 637 2681 ente:
649 2629 678 2682 B.
730 2630 780 2682 Iler
804 2630 925 2697 doppelte
947 2630 1038 2683 Aecus
1061 2630 1104 2682 bei
1127 2633 1246 2682 eircum-

168 2698 197 2750 G.
213 2701 366 2762 1,52,5.—
380 2715 440 2749 curn
451 2715 560 2749 munere
573 2699 680 2765 ntique:
731 2699 824 2763 ducet,
846 2698 896 2750 wie
914 2699 956 2749 bei
974 2698 1023 2751 deu
1041 2696 1088 2750 mit
1106 2703 1184 2750 trans
1201 2715 1247 2751 zu-

167 2766 214 2818 mit
223 2766 423 2831 einemllienste,
432 2766 510 2818 durch
517 2767 567 2819 den
578 2769 615 2819 sie
625 2767 680 2818 sich
731 2770 979 2833 sammengesetzten
995 2765 1087 2818 Verbis
1105 2771 1247 2834 transpor-

168 2834 226 2887 dem
238 2833 376 2900 Pompeius
394 2834 539 2900 empfelrlen
556 2834 678 2887 konnten.
731 2839 799 2901 tare,
816 2837 940 2897 traicere,
960 2836 1102 2886 traducere
1122 2839 1145 2899 1,
1159 2838 1201 2900 55,
1218 2841 1245 2896 l;

202 2907 226 2954 5.
240 2905 552 2969 postquam-cisum
570 2908 679 2954 estne·
731 2905 772 2966 61,
786 2907 810 2956 4.
827 2902 856 2954 B.
870 2901 899 2956 G.
914 2907 937 2969 l,
951 2905 1031 2965 12,t;
1051 2905 1074 2965 2,
1088 2906 1179 2969 5,4u.
1194 2904 1220 2956 ὃ.

168 2987 219 3037 qne
238 2999 268 3008 -
294 2973 453 3034 dabatur,
475 2970 521 3023 das
542 2969 609 3024 Perl.
627 2988 679 3024 von
765 2974 788 3022 2.
807 2970 1001 3038 perlegerent,
1030 2971 1096 3022 ohne
1124 2970 1247 3038 Subjekt,

168 3040 251 3090 einem
269 3039 402 3091 einzelnen
420 3037 525 3091 Factum
546 3042 614 3102 (men
633 3040 679 3092 sab
729 3040 790 3102 (wie
807 3055 828 3092 c.
839 3041 880 3104 512,
891 3042 905 3092 3
914 3035 1154 3105 praeficiebantur)
1166 3067 1203 3086 =
1218 3055 1246 3093 es

168 3109 218 3170 ein,
237 3106 292 3158 dafs
305 3123 333 3158 es
346 3107 482 3173 schwierig
500 3107 555 3172 sei),
574 3108 620 3160 das
632 3104 680 3159 lur-
729 3106 823 3159 kamen
840 3107 998 3160 Uberliiufer.
1022 3135 1056 3144 —
1079 3107 1162 3173 vulgo
1180 3125 1246 3160 eero

168 3175 232 3240 perf.
244 3191 296 3227 von
307 3176 389 3227 einem
400 3175 544 3228 dauernden
554 3175 678 3236 Zustand;
729 3176 850 3226 universi
866 3175 915 3226 den
928 3174 1061 3227 einzelnen
1073 3162 1245 3228 llberlirufem

168 3258 196 3294 es
219 3258 273 3295 war
295 3243 417 3296 wibrend
441 3244 485 3296 der
508 3259 606 3310 ganzen
623 3243 679 3296 Zeit
730 3247 969 3308 entgegengesetze
988 3244 1055 3296 obne
1072 3241 1247 3296 Unterschied

167 3309 244 3362 keine
256 3311 423 3378 Gelegenheit
435 3312 500 3363 dazu
513 3312 551 3363 da.
576 3310 678 3364 Ebenso
729 3311 756 3362 in
774 3310 889 3376 blassen,
914 3310 1109 3378 durehgehends
1128 3311 1179 3364 elle
1198 3328 1246 3366 aus

168 3379 214 3430 das
231 3379 330 3444 lmperl.
351 3396 372 3432 e.
385 3383 426 3444 58,
440 3384 468 3433 5:
483 3385 627 3445 postquam
645 3409 678 3418 -
725 3378 804 3442 jener
823 3377 970 3445 Gegenden.
989 3409 1023 3416 —
1040 3396 1186 3446 earumque
1204 3398 1247 3432 re-

168 3445 314 3508 defier'ebot.
350 3447 378 3499 Β.
397 3447 426 3501 G.
446 3452 473 3511 7,
492 3450 538 3510 87,
557 3453 586 3500 5:
606 3453 679 3514 poet·
726 3450 840 3513 gionunr
858 3463 893 3499 se.
907 3447 1003 3499 milites
1015 3474 1049 3493 =
1060 3451 1089 3498 in
1102 3451 1191 3514 iisque
1203 3466 1246 3500 re-

168 3531 249 3579 quam
266 3532 351 3582 neque
368 3532 481 3580 aggeres
492 3531 577 3580 neque
590 3516 678 3577 fereae
726 3518 855 3581 gionibue
873 3518 995 3567 omnibus
1012 3519 1166 3583 eonrertptc'.

167 3586 221 3633 einr
240 3585 355 3634 boetium
372 3586 489 3635 retinere
506 3589 677 3649 poterent.
764 3588 787 3636 3.
816 3586 932 3650 cognite
958 3586 1081 3636 omnibus
1104 3587 1184 3636 rebus
1210 3585 1247 3638 im

202 3650 246 3707 61.
271 3656 292 3703 l.
316 3666 467 3717 magnoque
484 3654 628 3702 comitatu:
656 3659 676 3717 l,
728 3652 809 3718 Lager
832 3653 930 3708 (lisere.
955 3683 988 3691 -
1015 3655 1178 3719 tenporibus
1204 3671 1248 3705 re·

167 3722 210 3783 41,
223 3723 247 3772 2.
265 3749 297 3757 -
315 3736 427 3771 noonrn:
444 3719 482 3770 als
499 3723 581 3771 etwas
592 3719 677 3773 Neues
729 3737 805 3771 rum:
834 3737 885 3788 quo
909 3721 1022 3789 quidque
1045 3725 1161 3788 tempore
1189 3720 1248 3775 fieri

168 3787 221 3838 und
233 3787 300 3840 noch
309 3787 380 3839 nieht
388 3786 631 3852 Vorgekommenes,
644 3818 677 3827 -—
729 3788 837 3842 solebat.
862 3819 891 3826 -
919 3792 1014 3856 spatiis
1040 3790 1174 3841 locorum:
1203 3790 1247 3844 die

169 3857 259 3906 omnin
271 3873 320 3907 rna
329 3855 468 3922 praecidio
480 3857 678 3908 circumducit:
729 3856 988 3923 Raumverh‘ailtnfsse,
998 3857 1039 3909 die
1050 3856 1248 3927 Entfernnngen

169 3938 195 3974 er·
207 3923 292 3976 fdbrte
304 3924 342 3975 sie
354 3924 396 3975 bei
409 3923 457 3976 den
469 3924 602 3977 einzelnen
614 3924 678 3978 Pos-
730 3925 775 3977 der
792 3926 925 3978 einzelnen
942 3924 1054 3978 Punkte.
1073 3954 1106 3964 -
1123 3925 1247 3988 ferebat:
