2626 4416
552 249 593 302 rn-
608 251 718 304 n-rr.
1002 273 1013 288 ·
1111 246 1172 310 183

188 423 247 488 44.
269 423 428 503 Pompeius
443 440 541 502 neque
557 425 659 483 amari
670 424 912 503 Dyrrhachioque
926 423 1078 486 discedere
1093 425 1173 485 vole·

46 588 47 591 Ἴ
103 512 163 584 bat,
178 510 257 588 quod
269 528 387 569 omnem
398 516 571 587 apparatum
587 507 666 582 belli,
680 509 746 583 tela,
762 527 851 584 arma,
866 517 1013 570 tormenta
1027 510 1067 570 ibi
1083 510 1173 570 collo-

102 603 219 656 caverat
232 595 473 671 frumentumque
488 592 629 653 exercitui
645 594 767 654 navibus
781 595 982 673 supportabat,
998 613 1096 673 neque
1107 613 1173 654 mu-

103 681 231 741 nitiones
247 678 377 739 Caesaris
392 677 550 756 prohibere
565 684 690 757 poterat,
708 679 765 738 nisi
780 680 894 757 proelio
909 681 1059 740 decertare
1072 680 1172 755 vellet;

101 766 181 844 quod
200 783 235 824 eo
250 772 385 841 tempore
408 769 548 823 statuerat
564 781 625 823 non
642 780 705 823 esse
725 763 902 823 iaciendum.
932 765 1174 843 Relinquebatur,
1195 773 1210 823 2

101 858 134 910 ut
148 858 308 910 extremam
324 847 471 907 rationem
485 847 554 908 belli
568 866 697 925 sequens
712 866 800 925 quarn
820 848 965 926 plurimos
979 850 1068 910 colles
1084 869 1173 910 occu·

100 943 185 1014 paret
199 942 229 992 et
244 950 331 1011 quam
352 932 506 992 latissimas
527 932 664 1010 regiones
678 932 833 1011 praesidiis
848 941 965 992 teneret
985 933 1174 1013 Caesarisque

101 1019 217 1098 copias,
234 1035 320 1096 quam
335 1016 460 1077 maxime
474 1025 591 1096 posset,
607 1017 774 1091 distineret;
796 1017 885 1096 idque
900 1018 1014 1078 accidit.
1044 1018 1175 1080 Castellis
1196 1030 1211 1079 3

102 1105 182 1164 enim
193 1121 275 1162 xxmr
290 1103 401 1162 effectis
412 1121 448 1161 xv
459 1102 538 1162 milia
553 1120 694 1180 passuum
705 1102 831 1162 circuitu
846 1103 998 1181 amplexus
1011 1104 1069 1163 hoc
1079 1103 1173 1181 spatio

102 1186 312 1266 pabulahatur;
328 1186 478 1265 multaque
493 1195 579 1246 erant
593 1187 670 1247 intra
682 1206 750 1247 eum
761 1187 860 1248 locum
874 1205 964 1247 manu
980 1197 1049 1262 sata,
1065 1186 1173 1266 quibus

102 1273 221 1332 interim
235 1272 365 1331 iumenta
380 1278 522 1350 pasceret.
553 1271 649 1349 Atque
664 1280 698 1331 ut
712 1272 806 1333 nostri
822 1281 981 1351 perpetuas
994 1273 1176 1334 munitiones
1196 1283 1211 1332 4

101 1356 257 1430 addebant,
272 1357 428 1435 perductas
443 1375 478 1416 ex
494 1357 621 1417 castellis
636 1357 667 1416 in
683 1357 816 1436 proxima
832 1358 961 1430 castella,
979 1377 1016 1418 ne
1032 1377 1091 1437 quo
1105 1359 1172 1420 loco

101 1448 294 1520 erumperent
307 1441 480 1519 Pompeiani
495 1459 528 1501 ac
542 1449 662 1502 nostros
684 1451 751 1520 post
769 1452 888 1522 tergum
908 1442 1111 1518 adorirentur,
1133 1444 1173 1504 ita

100 1527 141 1587 illi
164 1526 306 1587 interiore
328 1527 424 1603 spatio
442 1535 600 1604 perpetuas
621 1527 804 1588 munitiones
818 1527 998 1600 efficiebant,
1022 1546 1060 1587 ne
1084 1547 1173 1607 quem

101 1612 199 1672 locum
222 1610 316 1671 nostri
337 1610 449 1670 intrare
470 1620 558 1688 atque
580 1611 661 1689 ipsos
676 1630 692 1670 a
707 1620 791 1690 tergo
807 1611 1020 1672 circumvenire
1042 1623 1173 1691 possent.

101 1697 159 1758 Sed
171 1696 211 1756 illi
228 1695 368 1774 operibus
381 1695 549 1769 vincebant,
566 1697 644 1773 quod
661 1704 690 1756 et
704 1715 829 1757 numero
844 1696 968 1756 militum
985 1698 1175 1775 praestabant
1196 1708 1211 1757 5

101 1790 131 1842 et
142 1781 283 1841 interiore
295 1780 391 1859 spatio
403 1780 550 1843 minorem
561 1780 716 1840 circuitum
729 1781 887 1840 habebant.
917 1782 1000 1850 Ouae
1012 1800 1078 1842 curn
1092 1790 1177 1842 erant
1195 1793 1211 1843 6

100 1867 166 1927 loca
183 1865 298 1927 Caesari
322 1866 476 1944 capienda,
500 1864 554 1925 etsi
577 1864 736 1943 prohibere
758 1865 916 1943 Pompeius
937 1866 1008 1926 totis
1029 1867 1122 1945 copiis
1145 1874 1174 1926 et

100 1952 240 2011 dimicare
253 1970 314 2011 non
327 1951 531 2024 constituerat,
545 1957 643 2010 tamen
655 1949 717 2010 suis
728 1950 800 2010 locis
814 1949 978 2029 sagittarios
993 1951 1174 2012 funditores·

102 2057 160 2116 que
174 2036 321 2109 mittebat,
344 2053 472 2114 quorum
486 2053 625 2113 magnum
643 2035 770 2095 habebat
784 2053 956 2109 numerum,
980 2037 1123 2114 multique
1139 2055 1175 2096 en

102 2123 212 2184 nostris
234 2120 482 2194 vulnerabantur,
504 2139 690 2199 magnusque
712 2121 872 2181 incesserat
893 2120 983 2181 timor
1005 2121 1177 2200 sagittarum
1197 2134 1212 2182 t

101 2243 200 2306 poeni,
217 2239 299 2304 prelio
322 2237 416 2302 Italia,
439 2239 544 2286 emissis
567 2237 613 2286 Ht—
664 2235 911 2289 Futierverwendei
926 2237 1027 2290 werden
1046 2237 1172 2298 honnten;

102 2311 216 2373 spaniis,
240 2310 318 2372 capto
339 2307 462 2356 exercitu
478 2310 613 2370 veteruno,
665 2306 731 2358 denn
749 2305 804 2357 dies
828 2305 950 2357 brauohte
973 2322 999 2358 er
1016 2306 1173 2371 vorzfiglich,

102 2376 370 2427 circumvallato
405 2389 491 2424 nnnc
521 2373 613 2424 deni·
664 2374 696 2425 da
720 2389 748 2425 er
767 2389 819 2426 von
836 2373 1019 2440 Dyrrhachium
1038 2375 1108 2425 wohl
1126 2374 1174 2426 Ge·

103 2460 177 2508 qne,
204 2444 294 2509 qnod
318 2445 436 2492 nescio
458 2458 498 2493 an
524 2444 615 2494 nielli
665 2441 758 2505 treide,
780 2442 841 2493 aber
863 2442 923 2493 hein
947 2442 1035 2494 Futter
1060 2441 1175 2493 erhalten

102 2527 256 2576 nmquam
291 2515 409 2560 nostro
439 2512 614 2561 acciderit
664 2509 775 2570 hunnis,
794 2524 814 2560 e.
833 2525 855 2560 c.
874 2513 916 2573 49,
936 2511 964 2568 3;
984 2512 1024 2572 58,
1044 2512 1067 2561 3.

103 2581 313 2642 imperatori.
699 2583 723 2630 4.
744 2582 889 2643 perpetuas
910 2579 1073 2626 munitiones
1096 2577 1174 2627 adde-

137 2642 184 2697 44.
204 2647 226 2695 l.
244 2660 328 2709 neque
344 2646 506 2694 munitiones
519 2646 613 2709 probi·
665 2648 743 2709 bant,
766 2644 878 2695 nimlich
900 2642 948 2694 den
972 2642 1111 2696 Kastellen.
1148 2642 1173 2695 S.

104 2715 165 2763 bere
172 2716 292 2777 potera
300 2717 324 2776 t,
335 2713 390 2762 nisi
400 2740 435 2747 -
447 2711 531 2776 vellet,
543 2711 615 2762 nicht
664 2713 786 2777 bbrigens
804 2711 852 2762 den
870 2711 987 2777 Anhang.

103 2782 216 2831 volebat.
251 2778 319 2830 Uber
343 2778 392 2830 den
410 2777 550 2842 Konjunht.
568 2778 610 2830 bei
699 2785 722 2830 5.
740 2781 896 2829 vincebant:
914 2794 1000 2830 waren
1018 2779 1053 2830 im
1068 2778 1174 2841 Vorteil,

102 2852 166 2913 nisi,
182 2851 208 2897 si
224 2863 279 2897 non
297 2847 362 2898 nach
380 2847 462 2897 einem
481 2846 548 2898 ohne
565 2845 614 2898 Be·
665 2846 771 2898 wurden
789 2846 849 2897 eber
866 2846 951 2911 sertig,
970 2846 1030 2898 weil
1048 2848 1085 2898 sie
1104 2847 1175 2897 mehr

103 2913 614 2983 dingungausgesproehenenllanptsatz
665 2912 852 2966 Arbeitsluitite
873 2915 963 2966 hatten
986 2914 1038 2966 und
1060 2929 1108 2965 nur
1125 2913 1174 2966 den

102 2988 282 3050 (nonpotert),
301 2981 358 3034 dem
371 2982 544 3048 nachtriglich
557 2982 614 3032 eine
664 2983 784 3046 inneren,
809 2982 865 3034 also
889 2981 1021 3034 hleineren
1038 2981 1119 3034 Reum
1143 2998 1175 3034 zu

102 3053 250 3105 Ausnabme
262 3050 386 3117 zugelfigt
397 3050 470 3112 wird,
482 3065 502 3101 s.
511 3047 615 3114 Madvig
665 3048 810 3116 besestigen
828 3051 924 3102 hatten.

102 3139 135 3175 zu
146 3119 298 3172 Cicdellin.
310 3121 430 3184 3,2l‚70.
448 3119 555 3169 Etenim
566 3133 615 3167 nec
700 3122 724 3170 6.
744 3118 818 3182 Qnac
835 3134 895 3168 cnm
912 3122 992 3168 erant
1009 3118 1067 3169 loca
1086 3118 1113 3171 G.
1131 3135 1175 3170 cu-

104 3192 208 3242 iaetitia
216 3189 614 3251 necumiciiineeseemninope-
665 3187 779 3252 pianda:
790 3201 866 3237 wenn
875 3188 915 3249 (so
926 3185 972 3250 oft,
984 3188 1005 3251 1,
1016 3188 1056 3250 79,
1065 3189 1090 3252 3)
1100 3186 1176 3239 Cesar

103 3262 204 3318 ierunt,
212 3259 267 3306 nisi
275 3260 348 3321 e'prsae
355 3272 404 3322 per
413 3258 615 3320 scecpeinninr.
666 3254 708 3306 bei
721 3254 778 3306 dem
788 3253 937 3306 Vorrticken
949 3254 1032 3306 seiner
1041 3253 1111 3307 Linie
1123 3255 1176 3307 und

139 3327 163 3374 2.
186 3328 331 3374 entremom
347 3325 479 3374 radonem
497 3322 560 3373 belli
575 3339 615 3372 ae·
666 3338 711 3374 zur
719 3322 882 3389 Herstellung
892 3323 935 3375 der
945 3321 1111 3391 Verbindnng
1120 3324 1176 3376 der-

104 3407 204 3458 quens:
229 3405 274 3441 zur
291 3390 431 3442 iussersten
449 3389 500 3441 und
517 3390 615 3442 letzten
666 3390 754 3443 selben
779 3391 854 3442 einen
875 3389 962 3442 Punkt
984 3407 1015 3442 zu
1039 3393 1176 3457 gewinnen

105 3458 165 3521 Art,
184 3456 233 3508 den
250 3455 327 3522 Krieg
343 3473 375 3509 zu
394 3457 497 3521 iithren,
520 3458 615 3510 schrei-
665 3458 718 3511 und
740 3475 772 3511 zu
796 3460 917 3511 besetzen
937 3458 1015 3511 hatte.
1053 3460 1126 3524 Quae
1143 3460 1177 3510 ist

104 3526 181 3591 tend,
203 3525 234 3576 da
252 3523 328 3575 lreine
350 3524 442 3575 andere
460 3525 535 3591 ubrig
553 3541 614 3577 war.
667 3526 806 3592 anstdisig,
829 3527 890 3579 weil
912 3526 1005 3579 vorher
1028 3528 1098 3580 diese
1116 3527 1176 3578 Orte

107 3598 163 3660 t‚5‚
174 3596 203 3644 3:
222 3593 377 3643 decurritur
392 3592 429 3641 nd
438 3592 561 3642 nlnmnm
573 3597 614 3642 at·
668 3594 739 3645 nicht
756 3595 872 3646 erwihnt
895 3595 960 3647 sind.
994 3594 1104 3662 Bentley
1121 3593 1177 3645 will

104 3679 157 3729 qne
173 3666 321 3712 extremum
337 3665 444 3710 sennen
456 3661 615 3711 comultnm.
667 3660 773 3713 deshalb
785 3678 959 3729 quaecunque
974 3666 1054 3713 erant
1065 3662 1122 3713 loce
1134 3676 1178 3712 cn-

105 3734 130 3794 i,
148 3731 173 3795 9,
191 3733 218 3782 3:
248 3729 285 3780 ad
304 3732 453 3779 extremam
480 3729 615 3779 ancilium
662 3731 764 3795 pianda
781 3730 1066 3784 lesen-mirionis:
1084 3745 1116 3780 an
1133 3744 1177 3796 ge-

105 3797 274 3848 descendunt.
298 3825 332 3834 —
347 3796 507 3862 praesidiis:
537 3796 615 3848 durch
668 3799 787 3864 eigneten
804 3797 937 3849 Punlrten:
958 3800 980 3861 1,
998 3801 1038 3862 61,
1052 3800 1079 3859 3;
1098 3801 1177 3850 unten

105 3865 315 3931 vorgeschobene
333 3863 436 3916 Posten.
668 3881 690 3920 c.
708 3868 749 3929 46,
767 3868 794 3917 2:
814 3866 916 3916 idoneis
934 3865 1006 3916 loen.
1085 3874 1088 3879 ’

141 3935 165 3985 3.
182 3949 263 3984 mann
281 3936 354 3983 raia:
373 3930 481 3997 Saaten,
499 3930 540 3983 die
559 3947 616 3984 zum
703 3936 727 3986 7.
743 3948 858 3997 magnus
875 3935 1020 3985 incesserat
1037 3935 1131 3984 timor:
1156 3939 1176 3999 l,
