2626 4416
108 282 111 287 -
165 245 226 307 184
323 280 332 294 .
559 244 601 297 DE
619 244 720 297 BELLO
739 243 832 298 uuuu

164 433 251 501 atque
267 440 371 482 omnes
385 422 446 480 iere
462 419 567 480 milites
581 426 632 479 aut
647 437 682 478 ex
698 419 807 480 coactis
821 426 872 478 aut
886 437 922 478 ex
943 419 1120 480 centonibus
1136 427 1188 480 aut
1203 437 1244 479 ex

164 508 253 568 coriis
267 507 383 566 tunicas
398 513 448 565 aut
461 504 621 583 tegimenta
633 504 776 577 fecerant,
792 503 901 582 quibus
916 503 973 564 tela
987 504 1121 564 vitarent.

248 587 306 655 45.
331 592 365 651 in
381 589 562 668 occupandis
583 588 736 668 praesidiis
758 607 865 667 magna
878 589 906 648 vi
921 598 1046 668 uterque
1068 588 1240 666 nitebatur;

166 677 284 750 Caesar,
305 683 438 754 utquam
455 674 660 752 angustissime
675 674 848 753 Pompeium
864 674 1046 750 contineret3
1068 673 1240 753 Pompeius,

167 771 300 840 utquam
321 761 465 840 plurimos
480 759 569 820 colles
584 778 672 837 quam
686 760 812 820 maximo
828 759 953 820 circuitu
976 768 1150 839 occuparet,
1173 779 1240 821 cre·

127 858 142 908 2
163 847 275 925 braque
288 846 325 906 ob
338 864 402 905 eam
418 863 535 906 causam
549 845 661 923 proelia
676 845 795 905 fiebant.
825 845 858 904 ln
871 845 917 905 his
932 863 999 905 cum
1015 845 1091 923 legio
1105 844 1241 908 Caesaris

166 951 245 994 nona
256 931 434 1010 praesidium
450 928 599 1007 quoddam
611 930 814 1008 occupavisset
823 938 853 990 et
864 930 981 990 munire
996 930 1151 1009 coepisset,
1167 931 1240 1002 huic

163 1018 230 1078 loco
246 1016 448 1095 propinquum
463 1023 493 1075 et
506 1014 689 1076 contrarium
704 1015 810 1076 coliem
825 1015 983 1095 Pompeius
1005 1015 1160 1094 occupavit
1182 1035 1239 1076 no-

127 1113 142 1162 3
163 1110 298 1180 strosque
313 1120 408 1180 opere
418 1099 578 1178 prohibere
591 1099 692 1178 coepit
706 1109 750 1173 et,
773 1119 839 1160 curn
854 1119 914 1160 una
929 1119 965 1160 ex
980 1110 1064 1179 parte
1079 1119 1175 1180 prope
1191 1120 1241 1162 ae·

165 1205 257 1265 quum
267 1186 378 1246 aditum
389 1184 521 1258 baberet,
531 1184 659 1263 primum
671 1185 828 1264 sagittariis
837 1186 1099 1264 funditoribusque
1110 1187 1242 1248 circum·

165 1272 256 1345 iectis‚
272 1278 374 1349 postea
385 1269 456 1330 levis
467 1280 631 1330 armaturae
645 1289 751 1350 magua
765 1270 954 1331 multitudine
968 1271 1056 1332 missa
1066 1273 1241 1333 tormentis·

166 1375 223 1434 que
239 1355 360 1435 prolatis
371 1355 552 1416 munitiones
566 1355 759 1434 impediebat3
775 1373 874 1434 neque
885 1363 948 1416 erat
958 1356 1042 1416 facile
1055 1357 1166 1418 nostris
1176 1377 1242 1418 uno

127 1450 298 1520 itempcre
321 1458 512 1519 propugnare
529 1448 558 1500 et
573 1441 700 1502 munire.
738 1440 843 1501 Caesar
865 1460 932 1503 cunr
948 1461 1018 1502 suos
1040 1459 1076 1502 ex
1098 1442 1243 1504 omnibus

127 1537 142 1586 5
163 1525 297 1605 partibus
319 1524 467 1586 vulnerari
489 1525 615 1599 videret,
639 1526 771 1604 recipere
786 1545 818 1587 se
841 1526 926 1587 iussit
948 1535 977 1586 et
996 1527 1062 1587 loeo
1085 1527 1242 1588 excedere.

167 1611 237 1672 Erat
251 1629 305 1690 per
319 1611 429 1672 declive
445 1619 590 1688 receptus.
621 1611 665 1671 llli
681 1620 778 1672 autem
793 1612 850 1672 hoo
866 1611 961 1672 acrius
975 1611 1125 1672 instabant
1141 1631 1242 1691 neque

167 1696 283 1775 regredi
298 1705 416 1757 nostros
431 1695 634 1774 patiebantur,
658 1697 737 1774 quod
759 1697 865 1756 timore
888 1697 1004 1756 adducti
1025 1697 1125 1757 locum
1147 1698 1243 1758 relin-

129 1799 144 1850 6
167 1799 258 1860 quere
282 1779 463 1842 videbantur.
493 1780 607 1841 Dicitur
621 1799 656 1840 eo
672 1789 807 1859 tempore
821 1781 951 1860 glorians
966 1782 1044 1859 apud
1066 1800 1137 1844 suos
1151 1783 1241 1843 Pom·

167 1866 251 1945 peius
262 1865 384 1927 dixisse:
401 1884 462 1926 non
475 1884 614 1926 recusare
625 1884 666 1938 se,
679 1866 751 1943 quin
764 1867 874 1928 nullius
885 1885 957 1928 usus
968 1866 1131 1945 imperator
1140 1867 1241 1928 existi·

167 1960 312 2026 manetur,
328 1950 352 2012 si
367 1951 432 2012 sine
446 1949 573 2011 maximo
589 1951 768 2012 detrimento
783 1951 922 2035 legiones
931 1952 1062 2013 Caesaris
1076 1971 1142 2014 sese
1156 1971 1242 2014 rece-

167 2037 281 2116 pissent
296 2036 375 2109 inde,
392 2054 451 2114 quo
466 2044 577 2098 temere
593 2045 693 2097 essent
708 2055 892 2116 progressae.

251 2116 311 2184 46.
333 2121 440 2182 Caesar
452 2120 586 2199 receptui
600 2140 724 2182 suorum
738 2121 846 2183 timeus
862 2130 956 2182 crates
967 2121 1004 2181 ad
1016 2129 1182 2183 extremum
1193 2132 1242 2184 tu·

167 2205 279 2266 inuium
296 2215 399 2265 contra
413 2205 528 2266 hostem
543 2207 671 2284 proferri
687 2214 716 2266 et
730 2207 865 2268 adversas
878 2207 987 2280 locari,
1010 2207 1087 2267 intra
1109 2207 1162 2268 has
1176 2227 1242 2269 me·

131 2384 146 2433 2
167 2392 271 2434 omnes
286 2382 385 2452 partes
400 2392 488 2452 quam
504 2375 629 2436 maxime
644 2375 789 2455 impediri.
819 2377 886 2455 ipse
908 2376 1023 2437 idoneis
1045 2377 1118 2438 locis
1140 2377 1242 2439 tundi·

171 2493 249 2554 14,1;
269 2493 293 2555 2,
306 2492 348 2555 29,
363 2493 384 2542 1.
399 2519 433 2527 -
446 2507 481 2541 cn
498 2494 612 2542 coccus:
631 2507 677 2543 aus
728 2493 797 2556 aber,
816 2491 872 2543 dass
887 2492 928 2544 die
940 2492 1092 2558 Niederlage
1109 2492 1195 2546 dieser
1212 2509 1243 2547 so

168 2557 388 2624 dichtgewalkter‚
399 2557 607 2625 gefilzterWoHe
617 2559 678 2612 oder
729 2559 911 2612 entscbeidend
930 2560 1032 2612 werden
1057 2560 1159 2622 winde,
1185 2562 1242 2615 dass

167 2627 241 2690 Haar,
260 2627 322 2692 ruz,
340 2623 445 2692 πίλημα
463 2623 581 2692 (naute),
600 2625 677 2693 πιλη-
728 2627 826 2694 insolge
844 2628 928 2680 dauon
946 2628 996 2681 alle
1008 2629 1139 2694 Legiouen
1151 2629 1245 2683 Cisars

168 2693 225 2747 τόν.
243 2724 278 2732 —-
296 2697 466 2746 centonibus:
484 2699 507 2758 2,
525 2698 549 2759 9,
568 2697 592 2748 3.
730 2697 804 2749 einen
829 2696 1014 2748 verlustvollcn
1032 2696 1156 2762 Rirckzug
1174 2703 1244 2750 writ-

202 2760 249 2817 45.
265 2765 291 2814 ,2.
308 2764 340 2814 Iu
358 2765 414 2830 bie,
432 2763 543 2815 rrdrnlicb
556 2765 679 2830 proeliis,
730 2764 779 2816 den
789 2769 1025 2817 antretcnmirssen.
1036 2764 1119 2816 Wenn
1130 2767 1244 2818 ereiuen

169 2847 223 2884 war
240 2834 305 2883 auch
324 2830 368 2883 das
387 2831 515 2898 folgende,
533 2831 556 2884 d.
570 2832 586 2885 i.
604 2837 679 2884 unter
730 2832 836 2886 soichen
854 2832 978 2898 Rdckzug
1001 2849 1048 2885 nur
1066 2833 1111 2884 der
1129 2838 1244 2886 neunten

170 2899 278 2962 andern,
300 2915 344 2952 zur
361 2899 508 2966 Einieitung
531 2899 603 2952 eines
626 2900 680 2952 ein·
730 2901 826 2966 Legion
844 2901 994 2967 prophezeit
1015 2901 1100 2963 nette,
1123 2916 1153 2953 so
1173 2904 1245 2954 ware

169 2968 259 3020 zelnen
268 2967 395 3034 Beispiels
407 2966 452 3020 der
461 2970 554 3019 erebro
562 2969 679 3034 proelia,
731 2968 777 3020 das
799 2975 873 3021 unter
887 2969 944 3021 ‘den
969 2967 1140 3032 Umstinden‚
1166 2976 1247 3022 unter

169 3035 199 3086 Β.
217 3035 245 3087 G.
264 3039 287 3098 2,
306 3039 347 3099 25,
368 3040 394 3096 1;
417 3039 440 3100 5,
459 3038 500 3100 53,
518 3039 543 3090 6.
731 3036 813 3088 denen
837 3052 864 3087 er
881 3036 931 3088 den
947 3036 1096 3102 Ausspruch
1120 3037 1190 3100 thot,
1215 3039 1245 3090 in

204 3105 227 3155 3.
246 3105 309 3154 lenis
325 3109 483 3155 amaturae
493 3119 594 3169 magna
612 3104 679 3155 mul·
730 3103 1245 3170 keinerWeiseeinePrabiereigeweseu.

170 3171 300 3222 titudine:
316 3173 341 3236 2,
360 3173 400 3235 34,
420 3174 443 3223 3.
764 3171 810 3226 46.
825 3176 847 3224 1.
862 3177 962 3224 crates:
976 3177 998 3237 1,
1011 3175 1052 3237 25,
1065 3175 1089 3227 9.
1102 3201 1135 3210 —
1148 3174 1186 3224 ad
1197 3191 1246 3224 erc-

204 3242 227 3292 6.
240 3255 295 3290 non
306 3254 440 3304 recusare,
457 3242 531 3304 quin‘,
545 3240 595 3292 wie
607 3239 636 3291 B.
649 3240 679 3293 G.
731 3246 845 3292 trernum
860 3240 991 3290 tumulum
1008 3240 1086 3292 heisst
1103 3241 1174 3292 nicht
1192 3243 1245 3294 ‘am

169 3311 193 3369 4,
206 3310 229 3371 t,
242 3309 266 3371 3,
279 3306 330 3358 Cic.
340 3305 411 3358 Verr.
424 3310 448 3371 2,
461 3310 485 3372 6,
501 3310 529 3359 17
537 3328 543 3368 ;
556 3307 603 3358 rnit
615 3324 677 3373 quo·
730 3307 806 3359 Fuise
816 3307 861 3359 des
870 3307 981 3374 Hdgels’,
992 3308 1042 3360 wie
1051 3308 1092 3361 die
1102 3324 1184 3375 gance
1194 3310 1246 3362 Be-

168 3377 257 3424 minue
268 3373 297 3426 B.
305 3373 340 3428 G.
355 3378 376 3436 1,
390 3377 431 3440 31,
445 3379 472 3434 ῖς
492 3375 558 3427 ohne
575 3390 681 3427 vorans·
730 3375 885 3442 schreibuug
895 3378 1030 3442 gentigend
1041 3378 1118 3443 zcigt,
1131 3378 1245 3432 sonderu

170 3441 285 3508 gebende
303 3441 431 3507 Negation
449 3442 496 3492 mit
513 3459 546 3492 ue
564 3458 587 3496 c.
600 3445 641 3507 82,
654 3447 678 3498 5.
731 3443 1244 3513 ‘arniufseruRandedesilirgeis’gegen

170 3509 220 3561 Cic.
234 3507 265 3560 de
277 3509 320 3561 off.
334 3513 357 3573 3,
370 3512 411 3572 27,
427 3512 487 3562 100:
511 3509 631 3576 Regulus
646 3529 680 3562 ne
731 3511 781 3564 deu
793 3511 1029 3579 berandringenden
1041 3513 1120 3565 reind
1132 3514 1185 3578 bin,
1197 3530 1244 3567 um

168 3580 325 3628 sententium
352 3577 454 3628 diceret
476 3580 621 3644 recusavit.
646 3609 679 3618 —
731 3579 1244 3636 denseibeuabzuhaltenaufdiednbdbe

170 3647 270 3698 nullius
282 3662 362 3698 usus:
381 3646 447 3698 ohne
460 3646 510 3697 alle
522 3645 616 3713 Ubung
627 3648 680 3699 und
731 3663 763 3701 zu
781 3648 907 3715 geiongen
925 3650 977 3702 und
989 3650 1031 3702 die
1042 3649 1146 3717 Leston,
1164 3666 1245 3704 wenu

170 3713 320 3782 Ertahrung.
338 3745 371 3753 -
389 3715 507 3780 legiones
522 3731 622 3766 —scee
639 3733 680 3766 re·
731 3716 769 3768 sie
786 3717 842 3768 sich
859 3717 1029 3785 zurdckzdge,
1047 3734 1080 3769 zu
1098 3719 1244 3786 vertolgeu.

171 3787 308 3848 cepissent.
350 3784 385 3836 So
413 3783 453 3835 die
475 3781 679 3837 Handscbriften.
731 3813 765 3822 -—
783 3787 857 3836 tectis
878 3787 1010 3838 militibus
1033 3786 1143 3838 oiimlicb
1161 3786 1261 3841 durch-

170 3849 307 3917 Pompeius
325 3852 370 3905 hat
381 3867 410 3905 es
427 3851 482 3904 hier
499 3852 622 3904 nundchst
633 3867 681 3905 nur
731 3852 772 3904 die
790 3858 885 3905 crater.
914 3855 948 3906 Es
966 3854 1023 3906 sind
1041 3854 1091 3908 abl.
1111 3854 1193 3908 absol.
1208 3884 1244 3895 -

171 3919 219 3970 mit
229 3919 298 3972 einer
310 3920 405 3987 Legion
417 3936 449 3972 zu
461 3920 538 3982 thum
552 3935 579 3973 er
590 3920 680 3988 glaobt
730 3922 859 3987 impedire
865 3941 875 3971 .·
892 3921 1077 3988 uuzogiinglicb
1095 3921 1211 3975 macheu.
