<?xml version="1.0" encoding="UTF-8"?>
<!DOCTYPE html PUBLIC "-//W3C//DTD XHTML 1.0 Transitional//EN"
    "http://www.w3.org/TR/xhtml1/DTD/xhtml1-transitional.dtd">
<html xmlns="http://www.w3.org/1999/xhtml" xml:lang="en" lang="en">
 <head>
  <title>
</title>
<meta http-equiv="Content-Type" content="text/html;charset=utf-8" />
  <meta name='ocr-system' content='tesseract 3.04.00' />
  <meta name='ocr-capabilities' content='ocr_page ocr_carea ocr_par ocr_line ocrx_word'/>
</head>
<body>
  <div class='ocr_page' id='page_1' title='image "./ciuliicaesarisc01caesgoog/ciuliicaesarisc01caesgoog_0087.png"; bbox 0 0 2626 4416; ppageno 0'>
   <div class='ocr_carea' id='block_1_1' title="bbox 133 230 806 296">
    <p class='ocr_par' dir='ltr' id='par_1_1' title="bbox 133 230 806 296">
     <span class='ocr_line' id='line_1_1' title="bbox 133 230 806 296; baseline -0.001 -13"><span class='ocrx_word' id='word_1_1' title='bbox 133 235 174 296; x_wconf 84' lang='lat'>80</span> <span class='ocrx_word' id='word_1_2' title='bbox 531 231 574 284; x_wconf 82' lang='lat' dir='ltr'>DE</span> <span class='ocrx_word' id='word_1_3' title='bbox 592 231 694 284; x_wconf 79' lang='lat' dir='ltr'>uento</span> <span class='ocrx_word' id='word_1_4' title='bbox 713 230 806 284; x_wconf 80' lang='lat' dir='ltr'>GlVlLl</span> 
     </span>
    </p>
   </div>
   <div class='ocr_carea' id='block_1_2' title="bbox 134 402 1209 569">
    <p class='ocr_par' dir='ltr' id='par_1_2' title="bbox 134 402 1209 569">
     <span class='ocr_line' id='line_1_2' title="bbox 143 402 1209 486; baseline -0.007 -16"><span class='ocrx_word' id='word_1_5' title='bbox 143 442 146 455; x_wconf 69' lang='grc'><strong>»</strong></span> <span class='ocrx_word' id='word_1_6' title='bbox 217 403 275 471; x_wconf 68' lang='grc'>62.</span> <span class='ocrx_word' id='word_1_7' title='bbox 293 407 401 478; x_wconf 86' lang='lat' dir='ltr'>Quare</span> <span class='ocrx_word' id='word_1_8' title='bbox 416 426 471 486; x_wconf 92' lang='lat' dir='ltr'>per</span> <span class='ocrx_word' id='word_1_9' title='bbox 485 408 686 486; x_wconf 80' lang='lat' dir='ltr'><strong>exploratores</strong></span> <span class='ocrx_word' id='word_1_10' title='bbox 704 407 822 485; x_wconf 82' lang='lat' dir='ltr'>cognita</span> <span class='ocrx_word' id='word_1_11' title='bbox 837 423 951 465; x_wconf 90' lang='lat' dir='ltr'>summo</span> <span class='ocrx_word' id='word_1_12' title='bbox 967 402 1068 465; x_wconf 91' lang='lat' dir='ltr'>labore</span> <span class='ocrx_word' id='word_1_13' title='bbox 1084 404 1209 465; x_wconf 90' lang='lat' dir='ltr'>militum</span> 
     </span>
     <span class='ocr_line' id='line_1_3' title="bbox 134 488 1209 569; baseline -0.003 -16"><span class='ocrx_word' id='word_1_14' title='bbox 134 492 241 553; x_wconf 83' lang='lat' dir='ltr'>Caesar</span> <span class='ocrx_word' id='word_1_15' title='bbox 262 493 435 553; x_wconf 89' lang='lat' dir='ltr'>continuato</span> <span class='ocrx_word' id='word_1_16' title='bbox 458 493 536 553; x_wconf 93' lang='lat' dir='ltr'>diem</span> <span class='ocrx_word' id='word_1_17' title='bbox 557 500 736 569; x_wconf 87' lang='lat' dir='ltr'>noctemque</span> <span class='ocrx_word' id='word_1_18' title='bbox 759 509 848 569; x_wconf 93' lang='lat' dir='ltr'>opere</span> <span class='ocrx_word' id='word_1_19' title='bbox 863 491 894 550; x_wconf 91' lang='lat' dir='ltr'>in</span> <span class='ocrx_word' id='word_1_20' title='bbox 910 490 1033 549; x_wconf 91' lang='lat' dir='ltr'>llumine</span> <span class='ocrx_word' id='word_1_21' title='bbox 1050 488 1209 550; x_wconf 86' lang='lat' dir='ltr'>avertendo</span> 
     </span>
    </p>
   </div>
   <div class='ocr_carea' id='block_1_3' title="bbox 97 575 1212 1763">
    <p class='ocr_par' dir='ltr' id='par_1_3' title="bbox 98 575 1212 1081">
     <span class='ocr_line' id='line_1_4' title="bbox 133 575 1211 655; baseline -0.002 -19"><span class='ocrx_word' id='word_1_22' title='bbox 133 577 192 637; x_wconf 92' lang='lat' dir='ltr'>buc</span> <span class='ocrx_word' id='word_1_23' title='bbox 207 578 264 637; x_wconf 94' lang='lat' dir='ltr'>iam</span> <span class='ocrx_word' id='word_1_24' title='bbox 279 577 437 638; x_wconf 89' lang='lat' dir='ltr'>reduxerat</span> <span class='ocrx_word' id='word_1_25' title='bbox 451 596 528 652; x_wconf 90' lang='lat' dir='ltr'>rem,</span> <span class='ocrx_word' id='word_1_26' title='bbox 552 585 586 637; x_wconf 89' lang='lat' dir='ltr'>ut</span> <span class='ocrx_word' id='word_1_27' title='bbox 607 577 736 655; x_wconf 86' lang='lat' dir='ltr'>equites,</span> <span class='ocrx_word' id='word_1_28' title='bbox 760 576 815 636; x_wconf 90' lang='lat' dir='ltr'>etsi</span> <span class='ocrx_word' id='word_1_29' title='bbox 837 575 993 635; x_wconf 85' lang='lat' dir='ltr'>difficulter</span> <span class='ocrx_word' id='word_1_30' title='bbox 1015 584 1104 655; x_wconf 89' lang='lat' dir='ltr'>atque</span> <span class='ocrx_word' id='word_1_31' title='bbox 1122 593 1211 654; x_wconf 83' lang='lat' dir='ltr'>aegro</span> 
     </span>
     <span class='ocr_line' id='line_1_5' title="bbox 98 660 1211 741; baseline -0.003 -19"><span class='ocrx_word' id='word_1_32' title='bbox 98 672 114 722; x_wconf 85' lang='grc'><strong>2</strong></span> <span class='ocrx_word' id='word_1_33' title='bbox 134 660 237 736; x_wconf 88' lang='lat' dir='ltr'>fiebat,</span> <span class='ocrx_word' id='word_1_34' title='bbox 261 671 383 741; x_wconf 80' lang='lat' dir='ltr'><strong>possent</strong></span> <span class='ocrx_word' id='word_1_35' title='bbox 404 671 503 722; x_wconf 92' lang='lat' dir='ltr'>tamen</span> <span class='ocrx_word' id='word_1_36' title='bbox 525 670 613 740; x_wconf 91' lang='lat' dir='ltr'>atque</span> <span class='ocrx_word' id='word_1_37' title='bbox 635 662 779 721; x_wconf 79' lang='lat' dir='ltr'>auderent</span> <span class='ocrx_word' id='word_1_38' title='bbox 800 660 910 719; x_wconf 91' lang='lat' dir='ltr'>llumen</span> <span class='ocrx_word' id='word_1_39' title='bbox 931 660 1075 734; x_wconf 89' lang='lat' dir='ltr'>transire,</span> <span class='ocrx_word' id='word_1_40' title='bbox 1097 660 1211 739; x_wconf 77' lang='lat' dir='ltr'>pedites</span> 
     </span>
     <span class='ocr_line' id='line_1_6' title="bbox 134 747 1210 823; baseline -0.002 -17"><span class='ocrx_word' id='word_1_41' title='bbox 134 765 204 807; x_wconf 84' lang='lat' dir='ltr'>vero</span> <span class='ocrx_word' id='word_1_42' title='bbox 226 747 430 808; x_wconf 90' lang='lat' dir='ltr'>tantummodo</span> <span class='ocrx_word' id='word_1_43' title='bbox 452 747 584 807; x_wconf 91' lang='lat' dir='ltr'>humeris</span> <span class='ocrx_word' id='word_1_44' title='bbox 599 765 632 807; x_wconf 90' lang='lat' dir='ltr'>ac</span> <span class='ocrx_word' id='word_1_45' title='bbox 648 764 762 807; x_wconf 90' lang='lat' dir='ltr'>summo</span> <span class='ocrx_word' id='word_1_46' title='bbox 785 755 906 823; x_wconf 85' lang='lat' dir='ltr'>pectore</span> <span class='ocrx_word' id='word_1_47' title='bbox 921 753 1070 806; x_wconf 89' lang='lat' dir='ltr'>exstarent</span> <span class='ocrx_word' id='word_1_48' title='bbox 1092 755 1121 805; x_wconf 90' lang='lat' dir='ltr'>et</span> <span class='ocrx_word' id='word_1_49' title='bbox 1143 763 1210 805; x_wconf 86' lang='lat' dir='ltr'>oum</span> 
     </span>
     <span class='ocr_line' id='line_1_7' title="bbox 135 830 1212 912; baseline -0.001 -22"><span class='ocrx_word' id='word_1_50' title='bbox 135 830 287 893; x_wconf 77' lang='lat' dir='ltr'>altitudine</span> <span class='ocrx_word' id='word_1_51' title='bbox 310 851 402 911; x_wconf 91' lang='lat' dir='ltr'>aquae</span> <span class='ocrx_word' id='word_1_52' title='bbox 420 841 484 892; x_wconf 92' lang='lat' dir='ltr'>tum</span> <span class='ocrx_word' id='word_1_53' title='bbox 506 832 592 892; x_wconf 94' lang='lat' dir='ltr'>etiam</span> <span class='ocrx_word' id='word_1_54' title='bbox 614 831 767 912; x_wconf 80' lang='lat' dir='ltr'>rapiditate</span> <span class='ocrx_word' id='word_1_55' title='bbox 788 830 918 890; x_wconf 90' lang='lat' dir='ltr'>lluminis</span> <span class='ocrx_word' id='word_1_56' title='bbox 939 831 974 890; x_wconf 94' lang='lat' dir='ltr'>ad</span> <span class='ocrx_word' id='word_1_57' title='bbox 997 830 1212 892; x_wconf 89' lang='lat' dir='ltr'>transeundum</span> 
     </span>
     <span class='ocr_line' id='line_1_8' title="bbox 100 915 1211 995; baseline -0.002 -20"><span class='ocrx_word' id='word_1_58' title='bbox 100 926 114 975; x_wconf 81' lang='lat' dir='ltr'>e</span> <span class='ocrx_word' id='word_1_59' title='bbox 136 915 358 995; x_wconf 86' lang='lat' dir='ltr'>impedirentur.</span> <span class='ocrx_word' id='word_1_60' title='bbox 390 917 447 978; x_wconf 87' lang='lat' dir='ltr'>Sed</span> <span class='ocrx_word' id='word_1_61' title='bbox 469 925 567 976; x_wconf 91' lang='lat' dir='ltr'>tamen</span> <span class='ocrx_word' id='word_1_62' title='bbox 589 917 694 977; x_wconf 90' lang='lat' dir='ltr'>eodem</span> <span class='ocrx_word' id='word_1_63' title='bbox 715 917 778 975; x_wconf 87' lang='lat' dir='ltr'>fere</span> <span class='ocrx_word' id='word_1_64' title='bbox 799 924 933 995; x_wconf 91' lang='lat' dir='ltr'>tempore</span> <span class='ocrx_word' id='word_1_65' title='bbox 956 935 1034 994; x_wconf 94' lang='lat' dir='ltr'>pons</span> <span class='ocrx_word' id='word_1_66' title='bbox 1053 917 1083 975; x_wconf 91' lang='lat' dir='ltr'>in</span> <span class='ocrx_word' id='word_1_67' title='bbox 1099 915 1211 976; x_wconf 89' lang='lat' dir='ltr'>Hibero</span> 
     </span>
     <span class='ocr_line' id='line_1_9' title="bbox 135 1001 1128 1081; baseline -0.001 -20"><span class='ocrx_word' id='word_1_68' title='bbox 135 1019 229 1081; x_wconf 91' lang='lat' dir='ltr'>prope</span> <span class='ocrx_word' id='word_1_69' title='bbox 245 1003 367 1063; x_wconf 84' lang='lat' dir='ltr'>effectus</span> <span class='ocrx_word' id='word_1_70' title='bbox 382 1001 576 1062; x_wconf 86' lang='lat' dir='ltr'>nuntiabatur</span> <span class='ocrx_word' id='word_1_71' title='bbox 591 1002 665 1062; x_wconf 90' lang='lat' dir='ltr'>etin</span> <span class='ocrx_word' id='word_1_72' title='bbox 681 1001 777 1060; x_wconf 92' lang='lat' dir='ltr'>Sicori</span> <span class='ocrx_word' id='word_1_73' title='bbox 791 1001 897 1060; x_wconf 87' lang='lat' dir='ltr'>vadum</span> <span class='ocrx_word' id='word_1_74' title='bbox 912 1001 1128 1079; x_wconf 87' lang='lat' dir='ltr'>reperiebatur.</span> 
     </span>
    </p>

    <p class='ocr_par' dir='ltr' id='par_1_4' title="bbox 134 1083 1212 1335">
     <span class='ocr_line' id='line_1_10' title="bbox 219 1083 1211 1165; baseline -0.005 -14"><span class='ocrx_word' id='word_1_75' title='bbox 219 1083 278 1151; x_wconf 83' lang='grc'>63.</span> <span class='ocrx_word' id='word_1_76' title='bbox 300 1088 361 1147; x_wconf 91' lang='lat' dir='ltr'>lam</span> <span class='ocrx_word' id='word_1_77' title='bbox 375 1107 445 1148; x_wconf 90' lang='lat' dir='ltr'>vero</span> <span class='ocrx_word' id='word_1_78' title='bbox 462 1106 497 1149; x_wconf 88' lang='lat' dir='ltr'>eo</span> <span class='ocrx_word' id='word_1_79' title='bbox 520 1087 613 1165; x_wconf 83' lang='lat' dir='ltr'>magis</span> <span class='ocrx_word' id='word_1_80' title='bbox 632 1086 674 1146; x_wconf 94' lang='lat' dir='ltr'>illi</span> <span class='ocrx_word' id='word_1_81' title='bbox 695 1086 904 1146; x_wconf 88' lang='lat' dir='ltr'>maturandum</span> <span class='ocrx_word' id='word_1_82' title='bbox 918 1087 976 1146; x_wconf 91' lang='lat' dir='ltr'>iter</span> <span class='ocrx_word' id='word_1_83' title='bbox 997 1085 1211 1147; x_wconf 86' lang='lat' dir='ltr'>existimabant.</span> 
     </span>
     <span class='ocr_line' id='line_1_11' title="bbox 134 1170 1212 1250; baseline 0.002 -20"><span class='ocrx_word' id='word_1_84' title='bbox 134 1171 236 1249; x_wconf 91' lang='lat' dir='ltr'>ltaque</span> <span class='ocrx_word' id='word_1_85' title='bbox 259 1171 374 1232; x_wconf 91' lang='lat' dir='ltr'>duabus</span> <span class='ocrx_word' id='word_1_86' title='bbox 395 1172 586 1233; x_wconf 83' lang='lat' dir='ltr'>auxiliaribus</span> <span class='ocrx_word' id='word_1_87' title='bbox 608 1171 781 1233; x_wconf 83' lang='lat' dir='ltr'>cohortibus</span> <span class='ocrx_word' id='word_1_88' title='bbox 798 1170 910 1231; x_wconf 81' lang='lat' dir='ltr'>ilerdae</span> <span class='ocrx_word' id='word_1_89' title='bbox 933 1172 1079 1250; x_wconf 89' lang='lat' dir='ltr'>praesidio</span> <span class='ocrx_word' id='word_1_90' title='bbox 1102 1171 1212 1233; x_wconf 90' lang='lat' dir='ltr'>relictis</span> 
     </span>
     <span class='ocr_line' id='line_1_12' title="bbox 135 1256 1211 1335; baseline 0.001 -19"><span class='ocrx_word' id='word_1_91' title='bbox 135 1256 275 1317; x_wconf 93' lang='lat' dir='ltr'>omnibus</span> <span class='ocrx_word' id='word_1_92' title='bbox 303 1257 397 1335; x_wconf 93' lang='lat' dir='ltr'>copiis</span> <span class='ocrx_word' id='word_1_93' title='bbox 418 1258 543 1319; x_wconf 87' lang='lat' dir='ltr'>Sicorim</span> <span class='ocrx_word' id='word_1_94' title='bbox 572 1265 728 1318; x_wconf 90' lang='lat' dir='ltr'>transeunt</span> <span class='ocrx_word' id='word_1_95' title='bbox 749 1265 779 1316; x_wconf 91' lang='lat' dir='ltr'>et</span> <span class='ocrx_word' id='word_1_96' title='bbox 801 1275 868 1317; x_wconf 93' lang='lat' dir='ltr'>cum</span> <span class='ocrx_word' id='word_1_97' title='bbox 890 1256 1006 1317; x_wconf 92' lang='lat' dir='ltr'>duabus</span> <span class='ocrx_word' id='word_1_98' title='bbox 1034 1256 1211 1334; x_wconf 82' lang='lat' dir='ltr'>legionibus,</span> 
     </span>
    </p>

    <p class='ocr_par' dir='ltr' id='par_1_5' title="bbox 97 1341 1211 1676">
     <span class='ocr_line' id='line_1_13' title="bbox 97 1341 1211 1421; baseline 0.004 -22"><span class='ocrx_word' id='word_1_99' title='bbox 97 1349 113 1398; x_wconf 81' lang='lat'>2</span> <span class='ocrx_word' id='word_1_100' title='bbox 134 1359 207 1418; x_wconf 91' lang='lat' dir='ltr'>quas</span> <span class='ocrx_word' id='word_1_101' title='bbox 222 1342 427 1420; x_wconf 88' lang='lat' dir='ltr'>superioribus</span> <span class='ocrx_word' id='word_1_102' title='bbox 441 1343 544 1404; x_wconf 87' lang='lat' dir='ltr'>diebus</span> <span class='ocrx_word' id='word_1_103' title='bbox 557 1342 758 1415; x_wconf 83' lang='lat' dir='ltr'>traduxerant,</span> <span class='ocrx_word' id='word_1_104' title='bbox 774 1349 868 1401; x_wconf 90' lang='lat' dir='ltr'>castra</span> <span class='ocrx_word' id='word_1_105' title='bbox 882 1342 1020 1420; x_wconf 85' lang='lat' dir='ltr'>iungunt.</span> <span class='ocrx_word' id='word_1_106' title='bbox 1049 1341 1211 1421; x_wconf 86' lang='lat' dir='ltr'>Relinque·</span> 
     </span>
     <span class='ocr_line' id='line_1_14' title="bbox 136 1425 1211 1505; baseline 0.004 -21"><span class='ocrx_word' id='word_1_107' title='bbox 136 1425 223 1485; x_wconf 91' lang='lat' dir='ltr'>batur</span> <span class='ocrx_word' id='word_1_108' title='bbox 239 1425 354 1487; x_wconf 80' lang='lat' dir='ltr'>Caesari</span> <span class='ocrx_word' id='word_1_109' title='bbox 370 1427 456 1500; x_wconf 92' lang='lat' dir='ltr'>nibil,</span> <span class='ocrx_word' id='word_1_110' title='bbox 480 1428 537 1488; x_wconf 92' lang='lat' dir='ltr'>nisi</span> <span class='ocrx_word' id='word_1_111' title='bbox 551 1429 595 1487; x_wconf 91' lang='lat' dir='ltr'>uti</span> <span class='ocrx_word' id='word_1_112' title='bbox 616 1428 749 1505; x_wconf 87' lang='lat' dir='ltr'>equitatu</span> <span class='ocrx_word' id='word_1_113' title='bbox 764 1443 869 1504; x_wconf 81' lang='lat' dir='ltr'>agmen</span> <span class='ocrx_word' id='word_1_114' title='bbox 886 1426 1121 1487; x_wconf 89' lang='lat' dir='ltr'>adversariorum</span> <span class='ocrx_word' id='word_1_115' title='bbox 1135 1429 1211 1488; x_wconf 94' lang='lat' dir='ltr'>male</span> 
     </span>
     <span class='ocr_line' id='line_1_15' title="bbox 135 1510 1211 1591; baseline 0.005 -22"><span class='ocrx_word' id='word_1_116' title='bbox 135 1510 259 1571; x_wconf 90' lang='lat' dir='ltr'>baberet</span> <span class='ocrx_word' id='word_1_117' title='bbox 273 1521 303 1571; x_wconf 92' lang='lat' dir='ltr'>et</span> <span class='ocrx_word' id='word_1_118' title='bbox 317 1522 461 1591; x_wconf 86' lang='lat' dir='ltr'>carperet.</span> <span class='ocrx_word' id='word_1_119' title='bbox 491 1512 572 1573; x_wconf 91' lang='lat' dir='ltr'>Pons</span> <span class='ocrx_word' id='word_1_120' title='bbox 587 1511 667 1572; x_wconf 88' lang='lat' dir='ltr'>enim</span> <span class='ocrx_word' id='word_1_121' title='bbox 684 1511 776 1590; x_wconf 91' lang='lat' dir='ltr'>ipsius</span> <span class='ocrx_word' id='word_1_122' title='bbox 791 1529 933 1589; x_wconf 85' lang='lat' dir='ltr'>magnum</span> <span class='ocrx_word' id='word_1_123' title='bbox 948 1512 1106 1572; x_wconf 90' lang='lat' dir='ltr'>circuitum</span> <span class='ocrx_word' id='word_1_124' title='bbox 1120 1512 1211 1574; x_wconf 89' lang='lat' dir='ltr'>babe-</span> 
     </span>
     <span class='ocr_line' id='line_1_16' title="bbox 135 1593 1211 1676; baseline 0.002 -22"><span class='ocrx_word' id='word_1_125' title='bbox 135 1593 198 1670; x_wconf 90' lang='lat' dir='ltr'>bat,</span> <span class='ocrx_word' id='word_1_126' title='bbox 215 1605 248 1655; x_wconf 94' lang='lat' dir='ltr'>ut</span> <span class='ocrx_word' id='word_1_127' title='bbox 262 1598 354 1658; x_wconf 92' lang='lat' dir='ltr'>multo</span> <span class='ocrx_word' id='word_1_128' title='bbox 369 1597 504 1657; x_wconf 88' lang='lat' dir='ltr'>breviore</span> <span class='ocrx_word' id='word_1_129' title='bbox 519 1597 626 1657; x_wconf 89' lang='lat' dir='ltr'>itinere</span> <span class='ocrx_word' id='word_1_130' title='bbox 641 1596 682 1656; x_wconf 96' lang='lat' dir='ltr'>illi</span> <span class='ocrx_word' id='word_1_131' title='bbox 697 1596 733 1655; x_wconf 94' lang='lat' dir='ltr'>ad</span> <span class='ocrx_word' id='word_1_132' title='bbox 750 1595 893 1656; x_wconf 90' lang='lat' dir='ltr'>Hiberum</span> <span class='ocrx_word' id='word_1_133' title='bbox 908 1596 1065 1676; x_wconf 83' lang='lat' dir='ltr'>pervenire</span> <span class='ocrx_word' id='word_1_134' title='bbox 1079 1606 1211 1676; x_wconf 89' lang='lat' dir='ltr'>possent.</span> 
     </span>
    </p>

    <p class='ocr_par' dir='ltr' id='par_1_6' title="bbox 99 1679 1212 1763">
     <span class='ocr_line' id='line_1_17' title="bbox 99 1679 1212 1763; baseline 0.006 -28"><span class='ocrx_word' id='word_1_135' title='bbox 99 1687 114 1735; x_wconf 81' lang='lat'><strong>3</strong></span> <span class='ocrx_word' id='word_1_136' title='bbox 135 1679 257 1759; x_wconf 87' lang='lat' dir='ltr'>Equites</span> <span class='ocrx_word' id='word_1_137' title='bbox 274 1681 310 1742; x_wconf 95' lang='lat' dir='ltr'>ab</span> <span class='ocrx_word' id='word_1_138' title='bbox 327 1702 362 1743; x_wconf 87' lang='lat' dir='ltr'>eo</span> <span class='ocrx_word' id='word_1_139' title='bbox 385 1682 466 1743; x_wconf 91' lang='lat' dir='ltr'>missi</span> <span class='ocrx_word' id='word_1_140' title='bbox 486 1684 598 1742; x_wconf 87' lang='lat' dir='ltr'>flumen</span> <span class='ocrx_word' id='word_1_141' title='bbox 621 1689 778 1742; x_wconf 89' lang='lat' dir='ltr'>transeunt</span> <span class='ocrx_word' id='word_1_142' title='bbox 793 1690 837 1755; x_wconf 89' lang='lat' dir='ltr'>et,</span> <span class='ocrx_word' id='word_1_143' title='bbox 861 1701 928 1741; x_wconf 93' lang='lat' dir='ltr'>cum</span> <span class='ocrx_word' id='word_1_144' title='bbox 950 1682 986 1742; x_wconf 91' lang='lat' dir='ltr'>de</span> <span class='ocrx_word' id='word_1_145' title='bbox 1007 1682 1094 1742; x_wconf 90' lang='lat' dir='ltr'>tertia</span> <span class='ocrx_word' id='word_1_146' title='bbox 1115 1683 1212 1763; x_wconf 80' lang='lat' dir='ltr'>vigilia</span> 
     </span>
    </p>
   </div>
   <div class='ocr_carea' id='block_1_4' title="bbox 134 1796 1261 3966">
    <p class='ocr_par' dir='ltr' id='par_1_7' title="bbox 134 1796 1261 3966">
     <span class='ocr_line' id='line_1_18' title="bbox 136 1796 1210 1864; baseline 0.002 -17"><span class='ocrx_word' id='word_1_147' title='bbox 136 1796 177 1848; x_wconf 86' lang='lat' dir='ltr'>ein</span> <span class='ocrx_word' id='word_1_148' title='bbox 190 1798 305 1863; x_wconf 84' lang='lat' dir='ltr'>passiver</span> <span class='ocrx_word' id='word_1_149' title='bbox 316 1797 429 1849; x_wconf 86' lang='lat' dir='ltr'>Infinitiv</span> <span class='ocrx_word' id='word_1_150' title='bbox 445 1798 593 1864; x_wconf 83' lang='lat' dir='ltr'>gebraucbt‚</span> <span class='ocrx_word' id='word_1_151' title='bbox 606 1798 648 1849; x_wconf 88' lang='lat' dir='ltr'>nie</span> <span class='ocrx_word' id='word_1_152' title='bbox 699 1801 779 1863; x_wconf 83' lang='lat' dir='ltr'>etque</span> <span class='ocrx_word' id='word_1_153' title='bbox 789 1812 869 1862; x_wconf 81' lang='lat' dir='ltr'>aegre</span> <span class='ocrx_word' id='word_1_154' title='bbox 876 1797 964 1859; x_wconf 82' lang='lat' dir='ltr'>fiebat.</span> <span class='ocrx_word' id='word_1_155' title='bbox 976 1797 1018 1848; x_wconf 91' lang='lat' dir='ltr'>lcb</span> <span class='ocrx_word' id='word_1_156' title='bbox 1026 1797 1210 1863; x_wconf 80' lang='lat' dir='ltr'>glaubedalrer,</span> 
     </span>
     <span class='ocr_line' id='line_1_19' title="bbox 136 1864 1211 1932; baseline 0.003 -18"><span class='ocrx_word' id='word_1_157' title='bbox 136 1880 157 1917; x_wconf 87' lang='lat' dir='ltr'>z.</span> <span class='ocrx_word' id='word_1_158' title='bbox 165 1864 193 1916; x_wconf 87' lang='lat' dir='ltr'>B.</span> <span class='ocrx_word' id='word_1_159' title='bbox 204 1867 423 1931; x_wconf 68' lang='lat' dir='ltr'>impmutrniliter</span> <span class='ocrx_word' id='word_1_160' title='bbox 430 1871 540 1932; x_wconf 86' lang='lat' dir='ltr'>pontem</span> <span class='ocrx_word' id='word_1_161' title='bbox 549 1865 648 1927; x_wconf 81' lang='lat' dir='ltr'>faeere.</span> <span class='ocrx_word' id='word_1_162' title='bbox 699 1865 754 1916; x_wconf 92' lang='lat' dir='ltr'>dals</span> <span class='ocrx_word' id='word_1_163' title='bbox 767 1880 826 1916; x_wconf 91' lang='lat' dir='ltr'>man</span> <span class='ocrx_word' id='word_1_164' title='bbox 838 1869 978 1915; x_wconf 71' lang='lat' dir='ltr'>certarent</span> <span class='ocrx_word' id='word_1_165' title='bbox 990 1865 1124 1916; x_wconf 89' lang='lat' dir='ltr'>sebreiben</span> <span class='ocrx_word' id='word_1_166' title='bbox 1136 1865 1211 1932; x_wconf 81' lang='lat' dir='ltr'>mule,</span> 
     </span>
     <span class='ocr_line' id='line_1_20' title="bbox 168 1931 1212 1998; baseline -0.001 -11"><span class='ocrx_word' id='word_1_167' title='bbox 168 1931 215 1987; x_wconf 75' lang='grc'>62.</span> <span class='ocrx_word' id='word_1_168' title='bbox 235 1938 257 1985; x_wconf 86' lang='grc'>1.</span> <span class='ocrx_word' id='word_1_169' title='bbox 276 1936 328 1984; x_wconf 83' lang='lat' dir='ltr'>bno</span> <span class='ocrx_word' id='word_1_170' title='bbox 344 1937 399 1984; x_wconf 81' lang='lat' dir='ltr'>tom</span> <span class='ocrx_word' id='word_1_171' title='bbox 416 1935 580 1998; x_wconf 79' lang='lat' dir='ltr'>redonaret,</span> <span class='ocrx_word' id='word_1_172' title='bbox 598 1934 648 1984; x_wconf 87' lang='lat' dir='ltr'>wie</span> <span class='ocrx_word' id='word_1_173' title='bbox 699 1947 754 1984; x_wconf 85' lang='lat' dir='ltr'>was</span> <span class='ocrx_word' id='word_1_174' title='bbox 774 1947 865 1998; x_wconf 79' lang='lat' dir='ltr'>wegen</span> <span class='ocrx_word' id='word_1_175' title='bbox 884 1933 929 1984; x_wconf 86' lang='lat' dir='ltr'>des</span> <span class='ocrx_word' id='word_1_176' title='bbox 953 1932 1090 1998; x_wconf 78' lang='lat' dir='ltr'>lolgenden</span> <span class='ocrx_word' id='word_1_177' title='bbox 1108 1939 1135 1984; x_wconf 89' lang='lat' dir='ltr'>et</span> <span class='ocrx_word' id='word_1_178' title='bbox 1156 1934 1212 1986; x_wconf 80' lang='lat' dir='ltr'>eine</span> 
     </span>
     <span class='ocr_line' id='line_1_21' title="bbox 134 1999 1214 2067; baseline 0.002 -17"><span class='ocrx_word' id='word_1_179' title='bbox 134 2001 265 2066; x_wconf 79' lang='lat' dir='ltr'>redigere,</span> <span class='ocrx_word' id='word_1_180' title='bbox 284 2002 422 2067; x_wconf 76' lang='lat' dir='ltr'>cigentlicb</span> <span class='ocrx_word' id='word_1_181' title='bbox 440 2007 522 2054; x_wconf 86' lang='lat' dir='ltr'>etwas</span> <span class='ocrx_word' id='word_1_182' title='bbox 533 2002 559 2052; x_wconf 89' lang='lat' dir='ltr'>in</span> <span class='ocrx_word' id='word_1_183' title='bbox 573 2001 648 2052; x_wconf 87' lang='lat' dir='ltr'>einen</span> <span class='ocrx_word' id='word_1_184' title='bbox 698 1999 793 2052; x_wconf 91' lang='lat' dir='ltr'>leicbte</span> <span class='ocrx_word' id='word_1_185' title='bbox 811 1999 949 2065; x_wconf 77' lang='lat' dir='ltr'>Andemng</span> <span class='ocrx_word' id='word_1_186' title='bbox 965 2000 1007 2054; x_wconf 86' lang='lat' dir='ltr'>ist.</span> <span class='ocrx_word' id='word_1_187' title='bbox 1027 2029 1059 2039; x_wconf 88' lang='lat'>-</span> <span class='ocrx_word' id='word_1_188' title='bbox 1073 2001 1109 2051; x_wconf 88' lang='lat' dir='ltr'>od</span> <span class='ocrx_word' id='word_1_189' title='bbox 1125 2006 1214 2052; x_wconf 81' lang='lat' dir='ltr'>tram·</span> 
     </span>
     <span class='ocr_line' id='line_1_22' title="bbox 135 2068 1211 2134; baseline 0.002 -16"><span class='ocrx_word' id='word_1_190' title='bbox 135 2068 576 2133; x_wconf 72' lang='lat' dir='ltr'>lrfrberenZnstandzurficlxltrbrem</span> <span class='ocrx_word' id='word_1_191' title='bbox 587 2069 648 2120; x_wconf 90' lang='lat' dir='ltr'>aber</span> <span class='ocrx_word' id='word_1_192' title='bbox 700 2069 816 2118; x_wconf 84' lang='lat' dir='ltr'>eundum</span> <span class='ocrx_word' id='word_1_193' title='bbox 833 2069 1044 2134; x_wconf 79' lang='lat' dir='ltr'>impedirentur:</span> <span class='ocrx_word' id='word_1_194' title='bbox 1062 2085 1083 2120; x_wconf 91' lang='lat' dir='ltr'>s.</span> <span class='ocrx_word' id='word_1_195' title='bbox 1098 2068 1127 2122; x_wconf 89' lang='lat' dir='ltr'>B.</span> <span class='ocrx_word' id='word_1_196' title='bbox 1143 2069 1172 2123; x_wconf 83' lang='lat' dir='ltr'>G.</span> <span class='ocrx_word' id='word_1_197' title='bbox 1188 2073 1211 2132; x_wconf 89' lang='grc'>2,</span> 
     </span>
     <span class='ocr_line' id='line_1_23' title="bbox 136 2136 1213 2202; baseline 0.003 -16"><span class='ocrx_word' id='word_1_198' title='bbox 136 2137 201 2187; x_wconf 87' lang='lat' dir='ltr'>auch</span> <span class='ocrx_word' id='word_1_199' title='bbox 225 2152 270 2201; x_wconf 89' lang='lat' dir='ltr'>so,</span> <span class='ocrx_word' id='word_1_200' title='bbox 292 2137 347 2188; x_wconf 88' lang='lat' dir='ltr'>dals</span> <span class='ocrx_word' id='word_1_201' title='bbox 370 2137 414 2189; x_wconf 92' lang='lat' dir='ltr'>der</span> <span class='ocrx_word' id='word_1_202' title='bbox 431 2136 530 2202; x_wconf 78' lang='lat' dir='ltr'>Begriff</span> <span class='ocrx_word' id='word_1_203' title='bbox 543 2152 595 2188; x_wconf 85' lang='lat' dir='ltr'>von</span> <span class='ocrx_word' id='word_1_204' title='bbox 619 2153 649 2187; x_wconf 88' lang='lat' dir='ltr'>re</span> <span class='ocrx_word' id='word_1_205' title='bbox 700 2139 740 2198; x_wconf 79' lang='grc'>25,</span> <span class='ocrx_word' id='word_1_206' title='bbox 753 2140 764 2187; x_wconf 90' lang='grc'><strong>1</strong></span> <span class='ocrx_word' id='word_1_207' title='bbox 775 2137 938 2202; x_wconf 80' lang='lat' dir='ltr'>odpugnorn</span> <span class='ocrx_word' id='word_1_208' title='bbox 950 2137 1213 2202; x_wconf 82' lang='lat' dir='ltr'>essetmpede‘mento.</span> 
     </span>
     <span class='ocr_line' id='line_1_24' title="bbox 136 2203 1212 2270; baseline 0.002 -17"><span class='ocrx_word' id='word_1_209' title='bbox 136 2204 207 2253; x_wconf 87' lang='lat' dir='ltr'>mebr</span> <span class='ocrx_word' id='word_1_210' title='bbox 217 2203 278 2254; x_wconf 89' lang='lat' dir='ltr'>oder</span> <span class='ocrx_word' id='word_1_211' title='bbox 288 2207 400 2270; x_wconf 81' lang='lat' dir='ltr'>weniger</span> <span class='ocrx_word' id='word_1_212' title='bbox 410 2203 575 2264; x_wconf 71' lang='lat' dir='ltr'>curbabunt,</span> <span class='ocrx_word' id='word_1_213' title='bbox 585 2221 608 2259; x_wconf 86' lang='lat' dir='ltr'>z.</span> <span class='ocrx_word' id='word_1_214' title='bbox 618 2203 647 2257; x_wconf 89' lang='lat' dir='ltr'>B.</span> <span class='ocrx_word' id='word_1_215' title='bbox 713 2214 715 2218; x_wconf 86' lang='lat'>&#39;</span> <span class='ocrx_word' id='word_1_216' title='bbox 735 2205 758 2256; x_wconf 83' lang='lat'>3.</span> <span class='ocrx_word' id='word_1_217' title='bbox 777 2204 831 2255; x_wconf 86' lang='lat' dir='ltr'>Sed</span> <span class='ocrx_word' id='word_1_218' title='bbox 842 2208 946 2254; x_wconf 86' lang='lat' dir='ltr'>tamen:</span> <span class='ocrx_word' id='word_1_219' title='bbox 960 2220 1015 2256; x_wconf 87' lang='lat' dir='ltr'>war</span> <span class='ocrx_word' id='word_1_220' title='bbox 1026 2206 1091 2256; x_wconf 86' lang='lat' dir='ltr'>anob</span> <span class='ocrx_word' id='word_1_221' title='bbox 1104 2204 1151 2258; x_wconf 82' lang='lat' dir='ltr'>das</span> <span class='ocrx_word' id='word_1_222' title='bbox 1161 2205 1212 2257; x_wconf 88' lang='lat' dir='ltr'>Un-</span> 
     </span>
     <span class='ocr_line' id='line_1_25' title="bbox 136 2270 1212 2338; baseline 0.003 -18"><span class='ocrx_word' id='word_1_223' title='bbox 136 2270 177 2322; x_wconf 90' lang='lat' dir='ltr'>die</span> <span class='ocrx_word' id='word_1_224' title='bbox 187 2270 333 2322; x_wconf 86' lang='lat' dir='ltr'>bekannten</span> <span class='ocrx_word' id='word_1_225' title='bbox 343 2273 516 2324; x_wconf 87' lang='lat' dir='ltr'>Redenearten</span> <span class='ocrx_word' id='word_1_226' title='bbox 525 2273 649 2337; x_wconf 79' lang='lat' dir='ltr'>redigere</span> <span class='ocrx_word' id='word_1_227' title='bbox 699 2271 847 2323; x_wconf 87' lang='lat' dir='ltr'>ternebmen</span> <span class='ocrx_word' id='word_1_228' title='bbox 872 2273 938 2323; x_wconf 89' lang='lat' dir='ltr'>noch</span> <span class='ocrx_word' id='word_1_229' title='bbox 962 2273 1033 2324; x_wconf 89' lang='lat' dir='ltr'>nicht</span> <span class='ocrx_word' id='word_1_230' title='bbox 1055 2273 1212 2338; x_wconf 78' lang='lat' dir='ltr'>vollstiindig</span> 
     </span>
     <span class='ocr_line' id='line_1_26' title="bbox 135 2339 1212 2405; baseline 0.003 -16"><span class='ocrx_word' id='word_1_231' title='bbox 135 2342 647 2405; x_wconf 67' lang='lat' dir='ltr'>tnpotestatem,inprooinetumusm.</span> <span class='ocrx_word' id='word_1_232' title='bbox 700 2339 836 2405; x_wconf 79' lang='lat' dir='ltr'>gelungen,</span> <span class='ocrx_word' id='word_1_233' title='bbox 855 2355 884 2391; x_wconf 94' lang='lat' dir='ltr'>so</span> <span class='ocrx_word' id='word_1_234' title='bbox 897 2355 950 2391; x_wconf 91' lang='lat' dir='ltr'>war</span> <span class='ocrx_word' id='word_1_235' title='bbox 968 2341 1034 2393; x_wconf 92' lang='lat' dir='ltr'>doch</span> <span class='ocrx_word' id='word_1_236' title='bbox 1052 2342 1117 2404; x_wconf 86' lang='lat' dir='ltr'>eine,</span> <span class='ocrx_word' id='word_1_237' title='bbox 1135 2356 1212 2393; x_wconf 87' lang='lat' dir='ltr'>wenn</span> 
     </span>
     <span class='ocr_line' id='line_1_27' title="bbox 136 2405 1211 2474; baseline 0.003 -16"><span class='ocrx_word' id='word_1_238' title='bbox 136 2405 180 2459; x_wconf 89' lang='lat' dir='ltr'>Sie</span> <span class='ocrx_word' id='word_1_239' title='bbox 193 2407 281 2458; x_wconf 87' lang='lat' dir='ltr'>hatten</span> <span class='ocrx_word' id='word_1_240' title='bbox 293 2406 334 2460; x_wconf 91' lang='lat' dir='ltr'>die</span> <span class='ocrx_word' id='word_1_241' title='bbox 346 2422 427 2473; x_wconf 76' lang='lat' dir='ltr'>ganza</span> <span class='ocrx_word' id='word_1_242' title='bbox 439 2407 529 2459; x_wconf 84' lang='lat' dir='ltr'>Arbeit</span> <span class='ocrx_word' id='word_1_243' title='bbox 540 2407 585 2458; x_wconf 85' lang='lat' dir='ltr'>des</span> <span class='ocrx_word' id='word_1_244' title='bbox 597 2407 649 2457; x_wconf 82' lang='lat' dir='ltr'>Ab·</span> <span class='ocrx_word' id='word_1_245' title='bbox 699 2407 764 2472; x_wconf 78' lang='lat' dir='ltr'>auch</span> <span class='ocrx_word' id='word_1_246' title='bbox 775 2407 952 2472; x_wconf 78' lang='lat' dir='ltr'>besemanlte,</span> <span class='ocrx_word' id='word_1_247' title='bbox 964 2407 1132 2474; x_wconf 76' lang='lat' dir='ltr'>Moglicblreit</span> <span class='ocrx_word' id='word_1_248' title='bbox 1142 2410 1211 2462; x_wconf 88' lang='lat' dir='ltr'>eines</span> 
     </span>
     <span class='ocr_line' id='line_1_28' title="bbox 135 2474 1261 2592; baseline 0.003 -67"><span class='ocrx_word' id='word_1_249' title='bbox 135 2475 245 2592; x_wconf 42' lang='lat' dir='ltr'>§abens</span> <span class='ocrx_word' id='word_1_250' title='bbox 258 2475 409 2527; x_wconf 88' lang='lat' dir='ltr'>bereitsaul</span> <span class='ocrx_word' id='word_1_251' title='bbox 425 2477 466 2528; x_wconf 87' lang='lat' dir='ltr'>ein</span> <span class='ocrx_word' id='word_1_252' title='bbox 485 2491 513 2527; x_wconf 90' lang='lat' dir='ltr'>so</span> <span class='ocrx_word' id='word_1_253' title='bbox 530 2477 649 2541; x_wconf 72' lang='lat' dir='ltr'>perleges</span> <span class='ocrx_word' id='word_1_254' title='bbox 700 2474 850 2540; x_wconf 76' lang='lat' dir='ltr'>Ubergangs</span> <span class='ocrx_word' id='word_1_255' title='bbox 874 2475 996 2539; x_wconf 88' lang='lat' dir='ltr'>erreicbt,</span> <span class='ocrx_word' id='word_1_256' title='bbox 1021 2476 1060 2528; x_wconf 90' lang='lat' dir='ltr'>als</span> <span class='ocrx_word' id='word_1_257' title='bbox 1084 2478 1150 2529; x_wconf 88' lang='lat' dir='ltr'>eben</span> <span class='ocrx_word' id='word_1_258' title='bbox 1172 2478 1212 2528; x_wconf 91' lang='lat' dir='ltr'>die</span> <span class='ocrx_word' id='word_1_259' title='bbox 1258 2512 1261 2520; x_wconf 83' lang='lat'>·</span> 
     </span>
     <span class='ocr_line' id='line_1_29' title="bbox 162 2542 1213 2610; baseline 0.003 -17"><span class='ocrx_word' id='word_1_260' title='bbox 162 2543 200 2594; x_wconf 90' lang='lat' dir='ltr'>als</span> <span class='ocrx_word' id='word_1_261' title='bbox 213 2542 313 2607; x_wconf 88' lang='lat' dir='ltr'>dessen,</span> <span class='ocrx_word' id='word_1_262' title='bbox 331 2559 385 2595; x_wconf 85' lang='lat' dir='ltr'>was</span> <span class='ocrx_word' id='word_1_263' title='bbox 401 2560 432 2596; x_wconf 87' lang='lat' dir='ltr'>zu</span> <span class='ocrx_word' id='word_1_264' title='bbox 450 2544 513 2595; x_wconf 89' lang='lat' dir='ltr'>tbun</span> <span class='ocrx_word' id='word_1_265' title='bbox 526 2559 588 2608; x_wconf 84' lang='lat' dir='ltr'>war,</span> <span class='ocrx_word' id='word_1_266' title='bbox 606 2559 649 2594; x_wconf 86' lang='lat' dir='ltr'>zu·</span> <span class='ocrx_word' id='word_1_267' title='bbox 699 2542 799 2594; x_wconf 79' lang='lat' dir='ltr'>Brbclre</span> <span class='ocrx_word' id='word_1_268' title='bbox 818 2542 863 2594; x_wconf 89' lang='lat' dir='ltr'>des</span> <span class='ocrx_word' id='word_1_269' title='bbox 873 2543 991 2594; x_wconf 77' lang='lat' dir='ltr'>Afranius</span> <span class='ocrx_word' id='word_1_270' title='bbox 1008 2544 1119 2596; x_wconf 87' lang='lat' dir='ltr'>beinabe</span> <span class='ocrx_word' id='word_1_271' title='bbox 1136 2544 1213 2610; x_wconf 77' lang='lat' dir='ltr'>lertig</span> 
     </span>
     <span class='ocr_line' id='line_1_30' title="bbox 136 2609 1213 2676; baseline 0.003 -15"><span class='ocrx_word' id='word_1_272' title='bbox 136 2609 315 2676; x_wconf 77' lang='lat' dir='ltr'>rsrclrgeldbrt,</span> <span class='ocrx_word' id='word_1_273' title='bbox 334 2611 389 2663; x_wconf 87' lang='lat' dir='ltr'>dale</span> <span class='ocrx_word' id='word_1_274' title='bbox 406 2613 485 2663; x_wconf 88' lang='lat' dir='ltr'>sebon</span> <span class='ocrx_word' id='word_1_275' title='bbox 503 2611 545 2664; x_wconf 85' lang='lat' dir='ltr'>die</span> <span class='ocrx_word' id='word_1_276' title='bbox 563 2611 650 2663; x_wconf 86' lang='lat' dir='ltr'>Reiter</span> <span class='ocrx_word' id='word_1_277' title='bbox 700 2625 762 2674; x_wconf 87' lang='lat' dir='ltr'>wer,</span> <span class='ocrx_word' id='word_1_278' title='bbox 780 2625 810 2662; x_wconf 89' lang='lat' dir='ltr'>so</span> <span class='ocrx_word' id='word_1_279' title='bbox 827 2609 883 2662; x_wconf 89' lang='lat' dir='ltr'>dals</span> <span class='ocrx_word' id='word_1_280' title='bbox 901 2612 1058 2676; x_wconf 78' lang='lat' dir='ltr'>wenigstens</span> <span class='ocrx_word' id='word_1_281' title='bbox 1076 2611 1213 2664; x_wconf 84' lang='lat' dir='ltr'>dieReiter</span> 
     </span>
     <span class='ocr_line' id='line_1_31' title="bbox 135 2677 1213 2746; baseline 0.004 -18"><span class='ocrx_word' id='word_1_282' title='bbox 135 2678 286 2729; x_wconf 77' lang='lat' dir='ltr'>ubersetzen</span> <span class='ocrx_word' id='word_1_283' title='bbox 299 2677 423 2732; x_wconf 85' lang='lat' dir='ltr'>konnten.</span> <span class='ocrx_word' id='word_1_284' title='bbox 440 2678 574 2732; x_wconf 84' lang='lat' dir='ltr'>Iledneere</span> <span class='ocrx_word' id='word_1_285' title='bbox 583 2678 649 2731; x_wconf 87' lang='lat' dir='ltr'>wird</span> <span class='ocrx_word' id='word_1_286' title='bbox 700 2679 852 2730; x_wconf 78' lang='lat' dir='ltr'>ubersetzen</span> <span class='ocrx_word' id='word_1_287' title='bbox 863 2678 915 2730; x_wconf 87' lang='lat' dir='ltr'>und</span> <span class='ocrx_word' id='word_1_288' title='bbox 930 2680 973 2730; x_wconf 90' lang='lat' dir='ltr'>ibn</span> <span class='ocrx_word' id='word_1_289' title='bbox 985 2680 1120 2746; x_wconf 79' lang='lat' dir='ltr'>verlolgen</span> <span class='ocrx_word' id='word_1_290' title='bbox 1131 2679 1213 2733; x_wconf 85' lang='lat' dir='ltr'>konn-</span> 
     </span>
     <span class='ocr_line' id='line_1_32' title="bbox 136 2743 1213 2814; baseline 0.004 -18"><span class='ocrx_word' id='word_1_291' title='bbox 136 2760 165 2796; x_wconf 87' lang='lat' dir='ltr'>so</span> <span class='ocrx_word' id='word_1_292' title='bbox 176 2743 292 2811; x_wconf 76' lang='lat' dir='ltr'>bauliger</span> <span class='ocrx_word' id='word_1_293' title='bbox 301 2751 353 2798; x_wconf 89' lang='lat' dir='ltr'>erst</span> <span class='ocrx_word' id='word_1_294' title='bbox 363 2746 404 2797; x_wconf 89' lang='lat' dir='ltr'>bei</span> <span class='ocrx_word' id='word_1_295' title='bbox 413 2749 530 2812; x_wconf 69' lang='lat' dir='ltr'>sptteren</span> <span class='ocrx_word' id='word_1_296' title='bbox 541 2747 649 2799; x_wconf 90' lang='lat' dir='ltr'>Scbrilt-</span> <span class='ocrx_word' id='word_1_297' title='bbox 700 2752 751 2799; x_wconf 88' lang='lat' dir='ltr'>ten.</span> <span class='ocrx_word' id='word_1_298' title='bbox 762 2776 795 2784; x_wconf 96' lang='lat'>-</span> <span class='ocrx_word' id='word_1_299' title='bbox 804 2747 895 2797; x_wconf 87' lang='lat' dir='ltr'>eodem</span> <span class='ocrx_word' id='word_1_300' title='bbox 905 2751 1022 2814; x_wconf 84' lang='lat' dir='ltr'>ternpore</span> <span class='ocrx_word' id='word_1_301' title='bbox 1033 2750 1213 2800; x_wconf 81' lang='lat' dir='ltr'>nuntiabatur</span> 
     </span>
     <span class='ocr_line' id='line_1_33' title="bbox 136 2813 1210 2880; baseline 0.003 -16"><span class='ocrx_word' id='word_1_302' title='bbox 136 2813 240 2865; x_wconf 90' lang='lat' dir='ltr'>stellern</span> <span class='ocrx_word' id='word_1_303' title='bbox 259 2814 412 2879; x_wconf 75' lang='lat' dir='ltr'>gebraucbt3</span> <span class='ocrx_word' id='word_1_304' title='bbox 435 2831 456 2866; x_wconf 84' lang='lat' dir='ltr'>z.</span> <span class='ocrx_word' id='word_1_305' title='bbox 476 2813 504 2865; x_wconf 86' lang='lat' dir='ltr'>B.</span> <span class='ocrx_word' id='word_1_306' title='bbox 524 2815 588 2866; x_wconf 84' lang='lat' dir='ltr'>Plio.</span> <span class='ocrx_word' id='word_1_307' title='bbox 607 2819 647 2877; x_wconf 79' lang='grc'>24,</span> <span class='ocrx_word' id='word_1_308' title='bbox 700 2819 732 2865; x_wconf 89' lang='lat' dir='ltr'>et</span> <span class='ocrx_word' id='word_1_309' title='bbox 744 2831 799 2880; x_wconf 88' lang='lat' dir='ltr'>rep.</span> <span class='ocrx_word' id='word_1_310' title='bbox 817 2814 847 2868; x_wconf 91' lang='lat' dir='ltr'>B.</span> <span class='ocrx_word' id='word_1_311' title='bbox 860 2814 888 2866; x_wconf 89' lang='lat' dir='ltr'>G.</span> <span class='ocrx_word' id='word_1_312' title='bbox 904 2819 926 2879; x_wconf 91' lang='grc'>1,</span> <span class='ocrx_word' id='word_1_313' title='bbox 939 2819 979 2879; x_wconf 81' lang='lat'>37,</span> <span class='ocrx_word' id='word_1_314' title='bbox 995 2820 1020 2868; x_wconf 89' lang='lat' dir='ltr'>t:</span> <span class='ocrx_word' id='word_1_315' title='bbox 1040 2817 1111 2868; x_wconf 82' lang='lat' dir='ltr'>llaec</span> <span class='ocrx_word' id='word_1_316' title='bbox 1123 2817 1210 2867; x_wconf 80' lang='lat' dir='ltr'>eodem</span> 
     </span>
     <span class='ocr_line' id='line_1_34' title="bbox 137 2883 1213 2948; baseline 0.002 -15"><span class='ocrx_word' id='word_1_317' title='bbox 137 2883 161 2946; x_wconf 86' lang='grc'>8,</span> <span class='ocrx_word' id='word_1_318' title='bbox 180 2884 225 2933; x_wconf 86' lang='lat'>30:</span> <span class='ocrx_word' id='word_1_319' title='bbox 253 2898 351 2948; x_wconf 78' lang='lat' dir='ltr'>corpm</span> <span class='ocrx_word' id='word_1_320' title='bbox 373 2885 469 2932; x_wconf 69' lang='lat' dir='ltr'>rernm</span> <span class='ocrx_word' id='word_1_321' title='bbox 486 2883 523 2933; x_wconf 86' lang='lat' dir='ltr'>ud</span> <span class='ocrx_word' id='word_1_322' title='bbox 537 2887 649 2934; x_wconf 81' lang='lat' dir='ltr'>martem</span> <span class='ocrx_word' id='word_1_323' title='bbox 700 2889 816 2948; x_wconf 85' lang='lat' dir='ltr'>tempore</span> <span class='ocrx_word' id='word_1_324' title='bbox 834 2883 944 2935; x_wconf 71' lang='lat' dir='ltr'>Caesari</span> <span class='ocrx_word' id='word_1_325' title='bbox 964 2885 1094 2935; x_wconf 84' lang='lat' dir='ltr'>mandate</span> <span class='ocrx_word' id='word_1_326' title='bbox 1113 2884 1213 2945; x_wconf 79' lang='lat' dir='ltr'>refere-</span> 
     </span>
     <span class='ocr_line' id='line_1_35' title="bbox 135 2949 1211 3015; baseline 0.004 -16"><span class='ocrx_word' id='word_1_327' title='bbox 135 2949 271 3001; x_wconf 78' lang='lat' dir='ltr'>reduoere.</span> <span class='ocrx_word' id='word_1_328' title='bbox 700 2953 809 3015; x_wconf 82' lang='lat' dir='ltr'>dentur,</span> <span class='ocrx_word' id='word_1_329' title='bbox 833 2956 860 3001; x_wconf 90' lang='lat' dir='ltr'>et</span> <span class='ocrx_word' id='word_1_330' title='bbox 876 2952 960 3015; x_wconf 76' lang='lat' dir='ltr'>legati</span> <span class='ocrx_word' id='word_1_331' title='bbox 982 2954 1015 3002; x_wconf 86' lang='lat' dir='ltr'>ab</span> <span class='ocrx_word' id='word_1_332' title='bbox 1033 2953 1136 3003; x_wconf 75' lang='lat' dir='ltr'>Aeduis</span> <span class='ocrx_word' id='word_1_333' title='bbox 1153 2959 1180 3004; x_wconf 92' lang='lat' dir='ltr'>et</span> <span class='ocrx_word' id='word_1_334' title='bbox 1195 2971 1211 3003; x_wconf 89' lang='lat' dir='ltr'>u</span> 
     </span>
     <span class='ocr_line' id='line_1_36' title="bbox 171 3016 985 3072; baseline 0.004 -4"><span class='ocrx_word' id='word_1_335' title='bbox 171 3021 195 3068; x_wconf 85' lang='grc'>2.</span> <span class='ocrx_word' id='word_1_336' title='bbox 206 3022 346 3070; x_wconf 71' lang='lat' dir='ltr'>exstarent</span> <span class='ocrx_word' id='word_1_337' title='bbox 353 3023 387 3069; x_wconf 87' lang='lat' dir='ltr'>et.</span> <span class='ocrx_word' id='word_1_338' title='bbox 399 3016 445 3070; x_wconf 82' lang='lat' dir='ltr'>nie</span> <span class='ocrx_word' id='word_1_339' title='bbox 454 3016 649 3069; x_wconf 81' lang='lat' dir='ltr'>llandscbrilten</span> <span class='ocrx_word' id='word_1_340' title='bbox 703 3019 820 3070; x_wconf 82' lang='lat' dir='ltr'>Treviris</span> <span class='ocrx_word' id='word_1_341' title='bbox 837 3022 985 3072; x_wconf 84' lang='lat' dir='ltr'>veniebant.</span> 
     </span>
     <span class='ocr_line' id='line_1_37' title="bbox 137 3084 1211 3154; baseline 0.005 -20"><span class='ocrx_word' id='word_1_342' title='bbox 137 3084 220 3135; x_wconf 86' lang='lat' dir='ltr'>baben</span> <span class='ocrx_word' id='word_1_343' title='bbox 233 3091 340 3137; x_wconf 76' lang='lat' dir='ltr'>erectore</span> <span class='ocrx_word' id='word_1_344' title='bbox 353 3087 416 3137; x_wconf 90' lang='lat' dir='ltr'>oder</span> <span class='ocrx_word' id='word_1_345' title='bbox 428 3090 566 3136; x_wconf 70' lang='lat' dir='ltr'>certarent</span> <span class='ocrx_word' id='word_1_346' title='bbox 582 3086 649 3137; x_wconf 85' lang='lat' dir='ltr'>ohne</span> <span class='ocrx_word' id='word_1_347' title='bbox 734 3085 781 3140; x_wconf 83' lang='lat' dir='ltr'>ua.</span> <span class='ocrx_word' id='word_1_348' title='bbox 800 3089 823 3138; x_wconf 87' lang='lat' dir='ltr'>l.</span> <span class='ocrx_word' id='word_1_349' title='bbox 842 3089 963 3138; x_wconf 74' lang='lat' dir='ltr'>omnibns</span> <span class='ocrx_word' id='word_1_350' title='bbox 981 3092 1080 3153; x_wconf 72' lang='lat' dir='ltr'>copiis:</span> <span class='ocrx_word' id='word_1_351' title='bbox 1098 3105 1120 3141; x_wconf 91' lang='lat' dir='ltr'>c.</span> <span class='ocrx_word' id='word_1_352' title='bbox 1133 3093 1176 3154; x_wconf 83' lang='grc'>41,</span> <span class='ocrx_word' id='word_1_353' title='bbox 1189 3091 1211 3141; x_wconf 93' lang='grc'>2.</span> 
     </span>
     <span class='ocr_line' id='line_1_38' title="bbox 137 3151 1213 3219; baseline 0.007 -18"><span class='ocrx_word' id='word_1_354' title='bbox 137 3155 170 3200; x_wconf 90' lang='lat' dir='ltr'>et.</span> <span class='ocrx_word' id='word_1_355' title='bbox 206 3151 253 3203; x_wconf 90' lang='lat' dir='ltr'>blir</span> <span class='ocrx_word' id='word_1_356' title='bbox 277 3155 377 3206; x_wconf 88' lang='lat' dir='ltr'>sebeint</span> <span class='ocrx_word' id='word_1_357' title='bbox 400 3169 428 3206; x_wconf 88' lang='lat' dir='ltr'>es</span> <span class='ocrx_word' id='word_1_358' title='bbox 446 3153 594 3219; x_wconf 72' lang='lat' dir='ltr'>annulissig</span> <span class='ocrx_word' id='word_1_359' title='bbox 617 3168 650 3204; x_wconf 87' lang='lat' dir='ltr'>zu</span> <span class='ocrx_word' id='word_1_360' title='bbox 735 3155 758 3205; x_wconf 85' lang='grc'>2.</span> <span class='ocrx_word' id='word_1_361' title='bbox 775 3154 846 3204; x_wconf 87' lang='lat' dir='ltr'>mele</span> <span class='ocrx_word' id='word_1_362' title='bbox 869 3157 979 3206; x_wconf 67' lang='lat' dir='ltr'>dalmat</span> <span class='ocrx_word' id='word_1_363' title='bbox 993 3182 1028 3202; x_wconf 90' lang='lat'><em>=</em></span> <span class='ocrx_word' id='word_1_364' title='bbox 1045 3162 1158 3210; x_wconf 85' lang='lat' dir='ltr'>vexaret.</span> <span class='ocrx_word' id='word_1_365' title='bbox 1178 3185 1213 3196; x_wconf 93' lang='lat'>·-</span> 
     </span>
     <span class='ocr_line' id='line_1_39' title="bbox 136 3217 1212 3286; baseline 0.006 -17"><span class='ocrx_word' id='word_1_366' title='bbox 136 3217 201 3279; x_wconf 87' lang='lat' dir='ltr'>sein,</span> <span class='ocrx_word' id='word_1_367' title='bbox 219 3219 379 3272; x_wconf 76' lang='lat' dir='ltr'>beienstore</span> <span class='ocrx_word' id='word_1_368' title='bbox 395 3237 443 3273; x_wconf 89' lang='lat' dir='ltr'>nur</span> <span class='ocrx_word' id='word_1_369' title='bbox 455 3225 567 3286; x_wconf 78' lang='lat' dir='ltr'>possent</span> <span class='ocrx_word' id='word_1_370' title='bbox 583 3220 650 3273; x_wconf 89' lang='lat' dir='ltr'>obne</span> <span class='ocrx_word' id='word_1_371' title='bbox 700 3236 827 3285; x_wconf 79' lang='lat' dir='ltr'>magnum</span> <span class='ocrx_word' id='word_1_372' title='bbox 851 3225 995 3274; x_wconf 66' lang='lat' dir='ltr'>termitem</span> <span class='ocrx_word' id='word_1_373' title='bbox 1017 3226 1145 3276; x_wconf 82' lang='lat' dir='ltr'>babebat:</span> <span class='ocrx_word' id='word_1_374' title='bbox 1172 3225 1212 3277; x_wconf 87' lang='lat' dir='ltr'>die</span> 
     </span>
     <span class='ocr_line' id='line_1_40' title="bbox 138 3285 1212 3358; baseline 0.008 -22"><span class='ocrx_word' id='word_1_375' title='bbox 138 3285 312 3339; x_wconf 80' lang='lat' dir='ltr'>auderentne</span> <span class='ocrx_word' id='word_1_376' title='bbox 325 3304 372 3354; x_wconf 93' lang='lat' dir='ltr'>sup</span> <span class='ocrx_word' id='word_1_377' title='bbox 391 3288 478 3340; x_wconf 87' lang='lat' dir='ltr'>lieren.</span> <span class='ocrx_word' id='word_1_378' title='bbox 507 3288 580 3340; x_wconf 73' lang='lat' dir='ltr'>duob</span> <span class='ocrx_word' id='word_1_379' title='bbox 593 3293 651 3353; x_wconf 78' lang='lat' dir='ltr'>negt</span> <span class='ocrx_word' id='word_1_380' title='bbox 697 3287 801 3340; x_wconf 81' lang='lat' dir='ltr'>Bruolre</span> <span class='ocrx_word' id='word_1_381' title='bbox 813 3288 883 3354; x_wconf 75' lang='lat' dir='ltr'>batte</span> <span class='ocrx_word' id='word_1_382' title='bbox 895 3291 970 3342; x_wconf 86' lang='lat' dir='ltr'>einen</span> <span class='ocrx_word' id='word_1_383' title='bbox 982 3293 1083 3357; x_wconf 78' lang='lat' dir='ltr'>grolsen</span> <span class='ocrx_word' id='word_1_384' title='bbox 1096 3292 1212 3358; x_wconf 75' lang='lat' dir='ltr'>Umweg‚</span> 
     </span>
     <span class='ocr_line' id='line_1_41' title="bbox 138 3354 1213 3425; baseline 0.008 -22"><span class='ocrx_word' id='word_1_385' title='bbox 138 3368 196 3404; x_wconf 90' lang='lat' dir='ltr'>man</span> <span class='ocrx_word' id='word_1_386' title='bbox 210 3355 291 3405; x_wconf 86' lang='lat' dir='ltr'>wobl:</span> <span class='ocrx_word' id='word_1_387' title='bbox 310 3354 355 3406; x_wconf 92' lang='lat' dir='ltr'>das</span> <span class='ocrx_word' id='word_1_388' title='bbox 397 3370 466 3406; x_wconf 87' lang='lat' dir='ltr'>aseer</span> <span class='ocrx_word' id='word_1_389' title='bbox 478 3370 533 3406; x_wconf 86' lang='lat' dir='ltr'>war</span> <span class='ocrx_word' id='word_1_390' title='bbox 547 3371 577 3406; x_wconf 86' lang='lat' dir='ltr'>so</span> <span class='ocrx_word' id='word_1_391' title='bbox 596 3355 650 3419; x_wconf 88' lang='lat' dir='ltr'>tiel,</span> <span class='ocrx_word' id='word_1_392' title='bbox 700 3354 726 3406; x_wconf 89' lang='lat' dir='ltr'>d.</span> <span class='ocrx_word' id='word_1_393' title='bbox 743 3355 769 3408; x_wconf 89' lang='lat' dir='ltr'>b.</span> <span class='ocrx_word' id='word_1_394' title='bbox 793 3355 838 3407; x_wconf 89' lang='lat' dir='ltr'>der</span> <span class='ocrx_word' id='word_1_395' title='bbox 854 3356 990 3425; x_wconf 80' lang='lat' dir='ltr'>Ubergang</span> <span class='ocrx_word' id='word_1_396' title='bbox 1012 3361 1076 3413; x_wconf 81' lang='lat' dir='ltr'>uber</span> <span class='ocrx_word' id='word_1_397' title='bbox 1098 3360 1213 3415; x_wconf 85' lang='lat' dir='ltr'>dieeelbe</span> 
     </span>
     <span class='ocr_line' id='line_1_42' title="bbox 136 3420 1213 3494; baseline 0.008 -23"><span class='ocrx_word' id='word_1_398' title='bbox 136 3420 194 3472; x_wconf 85' lang='lat' dir='ltr'>dass</span> <span class='ocrx_word' id='word_1_399' title='bbox 212 3420 262 3472; x_wconf 83' lang='lat' dir='ltr'>iob&#39;</span> <span class='ocrx_word' id='word_1_400' title='bbox 278 3437 324 3473; x_wconf 91' lang='lat' dir='ltr'>nur</span> <span class='ocrx_word' id='word_1_401' title='bbox 344 3422 409 3473; x_wconf 89' lang='lat' dir='ltr'>nocb</span> <span class='ocrx_word' id='word_1_402' title='bbox 427 3423 473 3472; x_wconf 90' lang='lat' dir='ltr'>mit</span> <span class='ocrx_word' id='word_1_403' title='bbox 491 3422 549 3474; x_wconf 85' lang='lat' dir='ltr'>dem</span> <span class='ocrx_word' id='word_1_404' title='bbox 568 3423 650 3488; x_wconf 90' lang='lat' dir='ltr'>llople</span> <span class='ocrx_word' id='word_1_405' title='bbox 701 3437 756 3473; x_wconf 84' lang='lat' dir='ltr'>war</span> <span class='ocrx_word' id='word_1_406' title='bbox 773 3422 851 3475; x_wconf 86' lang='lat' dir='ltr'>demit</span> <span class='ocrx_word' id='word_1_407' title='bbox 869 3426 1031 3494; x_wconf 88' lang='lat' dir='ltr'>verbunden,</span> <span class='ocrx_word' id='word_1_408' title='bbox 1049 3429 1213 3482; x_wconf 83' lang='lat' dir='ltr'>verursacbte</span> 
     </span>
     <span class='ocr_line' id='line_1_43' title="bbox 138 3489 1213 3563; baseline 0.008 -23"><span class='ocrx_word' id='word_1_409' title='bbox 138 3489 313 3555; x_wconf 81' lang='lat' dir='ltr'>bervorragte,</span> <span class='ocrx_word' id='word_1_410' title='bbox 331 3490 401 3541; x_wconf 90' lang='lat' dir='ltr'>nicht</span> <span class='ocrx_word' id='word_1_411' title='bbox 411 3490 490 3542; x_wconf 89' lang='lat' dir='ltr'>leicbt</span> <span class='ocrx_word' id='word_1_412' title='bbox 501 3491 575 3543; x_wconf 91' lang='lat' dir='ltr'>aber:</span> <span class='ocrx_word' id='word_1_413' title='bbox 595 3491 649 3543; x_wconf 92' lang='lat' dir='ltr'>dals</span> <span class='ocrx_word' id='word_1_414' title='bbox 701 3490 776 3542; x_wconf 88' lang='lat' dir='ltr'>einen</span> <span class='ocrx_word' id='word_1_415' title='bbox 788 3491 890 3557; x_wconf 75' lang='lat' dir='ltr'>grossen</span> <span class='ocrx_word' id='word_1_416' title='bbox 901 3493 1017 3562; x_wconf 76' lang='lat' dir='ltr'>Umweg.</span> <span class='ocrx_word' id='word_1_417' title='bbox 1046 3495 1105 3563; x_wconf 78' lang='lat' dir='ltr'>Vgl.</span> <span class='ocrx_word' id='word_1_418' title='bbox 1115 3501 1139 3562; x_wconf 89' lang='grc'>2,</span> <span class='ocrx_word' id='word_1_419' title='bbox 1154 3503 1174 3563; x_wconf 89' lang='lat' dir='ltr'>l,</span> <span class='ocrx_word' id='word_1_420' title='bbox 1184 3501 1213 3548; x_wconf 82' lang='lat'>3:</span> 
     </span>
     <span class='ocr_line' id='line_1_44' title="bbox 137 3557 1216 3626; baseline 0.006 -19"><span class='ocrx_word' id='word_1_421' title='bbox 137 3557 179 3609; x_wconf 89' lang='lat' dir='ltr'>iob</span> <span class='ocrx_word' id='word_1_422' title='bbox 196 3572 245 3609; x_wconf 89' lang='lat' dir='ltr'>nur</span> <span class='ocrx_word' id='word_1_423' title='bbox 265 3557 332 3608; x_wconf 86' lang='lat' dir='ltr'>noch</span> <span class='ocrx_word' id='word_1_424' title='bbox 355 3557 401 3608; x_wconf 92' lang='lat' dir='ltr'>mit</span> <span class='ocrx_word' id='word_1_425' title='bbox 418 3557 474 3609; x_wconf 91' lang='lat' dir='ltr'>dem</span> <span class='ocrx_word' id='word_1_426' title='bbox 493 3558 577 3626; x_wconf 86' lang='lat' dir='ltr'>Kople</span> <span class='ocrx_word' id='word_1_427' title='bbox 594 3559 651 3611; x_wconf 90' lang='lat' dir='ltr'>her·</span> <span class='ocrx_word' id='word_1_428' title='bbox 700 3575 766 3625; x_wconf 78' lang='lat' dir='ltr'>pars</span> <span class='ocrx_word' id='word_1_429' title='bbox 778 3575 808 3609; x_wconf 86' lang='lat' dir='ltr'>ee</span> <span class='ocrx_word' id='word_1_430' title='bbox 823 3560 930 3626; x_wconf 77' lang='lat' dir='ltr'>longam</span> <span class='ocrx_word' id='word_1_431' title='bbox 948 3563 1123 3626; x_wconf 72' lang='lat' dir='ltr'>etdo&#39;tltettem</span> <span class='ocrx_word' id='word_1_432' title='bbox 1135 3567 1216 3617; x_wconf 79' lang='lat' dir='ltr'>balet</span> 
     </span>
     <span class='ocr_line' id='line_1_45' title="bbox 137 3624 1214 3697; baseline 0.009 -21"><span class='ocrx_word' id='word_1_433' title='bbox 137 3640 264 3691; x_wconf 81' lang='lat' dir='ltr'>vorragen</span> <span class='ocrx_word' id='word_1_434' title='bbox 274 3624 381 3685; x_wconf 82' lang='lat' dir='ltr'>konute;</span> <span class='ocrx_word' id='word_1_435' title='bbox 392 3625 457 3677; x_wconf 88' lang='lat' dir='ltr'>denn</span> <span class='ocrx_word' id='word_1_436' title='bbox 465 3641 493 3678; x_wconf 88' lang='lat' dir='ltr'>es</span> <span class='ocrx_word' id='word_1_437' title='bbox 500 3628 570 3678; x_wconf 86' lang='lat' dir='ltr'>steht</span> <span class='ocrx_word' id='word_1_438' title='bbox 579 3628 650 3679; x_wconf 88' lang='lat' dir='ltr'>nicht</span> <span class='ocrx_word' id='word_1_439' title='bbox 701 3632 936 3694; x_wconf 81' lang='lat' dir='ltr'>oppugnationem.</span> <span class='ocrx_word' id='word_1_440' title='bbox 947 3633 1052 3697; x_wconf 80' lang='lat' dir='ltr'>2,at‚4:</span> <span class='ocrx_word' id='word_1_441' title='bbox 1063 3638 1214 3685; x_wconf 70' lang='lat' dir='ltr'>castrorum</span> 
     </span>
     <span class='ocr_line' id='line_1_46' title="bbox 137 3692 1214 3767; baseline 0.008 -24"><span class='ocrx_word' id='word_1_442' title='bbox 137 3695 164 3744; x_wconf 88' lang='lat' dir='ltr'>in</span> <span class='ocrx_word' id='word_1_443' title='bbox 183 3692 393 3758; x_wconf 84' lang='lat' dir='ltr'>unsererMacbt,</span> <span class='ocrx_word' id='word_1_444' title='bbox 411 3694 500 3746; x_wconf 86' lang='lat' dir='ltr'>weiter</span> <span class='ocrx_word' id='word_1_445' title='bbox 514 3695 650 3746; x_wconf 84' lang='lat' dir='ltr'>bervorzu-</span> <span class='ocrx_word' id='word_1_446' title='bbox 699 3698 816 3747; x_wconf 82' lang='lat' dir='ltr'>mutatio</span> <span class='ocrx_word' id='word_1_447' title='bbox 838 3699 917 3748; x_wconf 80' lang='lat' dir='ltr'>babet</span> <span class='ocrx_word' id='word_1_448' title='bbox 940 3705 1043 3765; x_wconf 83' lang='lat' dir='ltr'>turpem</span> <span class='ocrx_word' id='word_1_449' title='bbox 1068 3700 1165 3767; x_wconf 73' lang='lat' dir='ltr'>fugam</span> <span class='ocrx_word' id='word_1_450' title='bbox 1187 3706 1214 3752; x_wconf 85' lang='lat' dir='ltr'>et</span> 
     </span>
     <span class='ocr_line' id='line_1_47' title="bbox 138 3760 1213 3833; baseline 0.01 -21"><span class='ocrx_word' id='word_1_451' title='bbox 138 3776 225 3828; x_wconf 78' lang='lat' dir='ltr'>regen,</span> <span class='ocrx_word' id='word_1_452' title='bbox 243 3762 281 3813; x_wconf 87' lang='lat' dir='ltr'>ale</span> <span class='ocrx_word' id='word_1_453' title='bbox 294 3762 339 3813; x_wconf 89' lang='lat' dir='ltr'>der</span> <span class='ocrx_word' id='word_1_454' title='bbox 350 3760 528 3814; x_wconf 82' lang='lat' dir='ltr'>Wasserstand</span> <span class='ocrx_word' id='word_1_455' title='bbox 540 3764 649 3816; x_wconf 88' lang='lat' dir='ltr'>erlaubt.</span> <span class='ocrx_word' id='word_1_456' title='bbox 700 3765 918 3830; x_wconf 77' lang='lat' dir='ltr'>desperationem.</span> <span class='ocrx_word' id='word_1_457' title='bbox 944 3765 973 3818; x_wconf 93' lang='lat' dir='ltr'>B.</span> <span class='ocrx_word' id='word_1_458' title='bbox 986 3766 1015 3819; x_wconf 87' lang='lat' dir='ltr'>G.</span> <span class='ocrx_word' id='word_1_459' title='bbox 1028 3771 1052 3830; x_wconf 79' lang='lat'>5,</span> <span class='ocrx_word' id='word_1_460' title='bbox 1066 3771 1105 3833; x_wconf 83' lang='grc'>29,</span> <span class='ocrx_word' id='word_1_461' title='bbox 1120 3774 1143 3823; x_wconf 81' lang='lat' dir='ltr'>l.</span> <span class='ocrx_word' id='word_1_462' title='bbox 1167 3772 1213 3821; x_wconf 80' lang='lat' dir='ltr'>lee-</span> 
     </span>
     <span class='ocr_line' id='line_1_48' title="bbox 138 3828 888 3896; baseline 0.005 -16"><span class='ocrx_word' id='word_1_463' title='bbox 138 3828 535 3896; x_wconf 78' lang='lat' dir='ltr'>EndliobistderGegensatzzu</span> <span class='ocrx_word' id='word_1_464' title='bbox 563 3836 652 3882; x_wconf 73' lang='lat' dir='ltr'>errent</span> <span class='ocrx_word' id='word_1_465' title='bbox 700 3835 762 3884; x_wconf 82' lang='lat' dir='ltr'>bere</span> <span class='ocrx_word' id='word_1_466' title='bbox 778 3836 888 3884; x_wconf 73' lang='lat' dir='ltr'>aninam.</span> 
     </span>
     <span class='ocr_line' id='line_1_49' title="bbox 138 3897 1211 3966; baseline 0.01 -20"><span class='ocrx_word' id='word_1_467' title='bbox 138 3897 209 3949; x_wconf 87' lang='lat' dir='ltr'>niclrt</span> <span class='ocrx_word' id='word_1_468' title='bbox 227 3914 258 3949; x_wconf 82' lang='lat' dir='ltr'>nu</span> <span class='ocrx_word' id='word_1_469' title='bbox 271 3898 426 3950; x_wconf 76' lang='lat' dir='ltr'>uberseben:</span> <span class='ocrx_word' id='word_1_470' title='bbox 445 3900 531 3950; x_wconf 78' lang='lat' dir='ltr'>etetdt</span> <span class='ocrx_word' id='word_1_471' title='bbox 543 3898 652 3962; x_wconf 75' lang='lat' dir='ltr'>finrlter</span> <span class='ocrx_word' id='word_1_472' title='bbox 734 3903 759 3952; x_wconf 83' lang='grc'>3.</span> <span class='ocrx_word' id='word_1_473' title='bbox 777 3901 809 3952; x_wconf 82' lang='lat' dir='ltr'>de</span> <span class='ocrx_word' id='word_1_474' title='bbox 826 3905 907 3953; x_wconf 80' lang='lat' dir='ltr'>tertia</span> <span class='ocrx_word' id='word_1_475' title='bbox 923 3902 1034 3966; x_wconf 60' lang='lat' dir='ltr'>entare</span> <span class='ocrx_word' id='word_1_476' title='bbox 1061 3902 1086 3955; x_wconf 83' lang='lat' dir='ltr'>S.</span> <span class='ocrx_word' id='word_1_477' title='bbox 1097 3919 1127 3955; x_wconf 87' lang='lat' dir='ltr'>an</span> <span class='ocrx_word' id='word_1_478' title='bbox 1137 3920 1159 3955; x_wconf 91' lang='lat' dir='ltr'>c.</span> <span class='ocrx_word' id='word_1_479' title='bbox 1170 3908 1211 3965; x_wconf 82' lang='grc'>51,</span> 
     </span>
    </p>
   </div>
   <div class='ocr_carea' id='block_1_5' title="bbox 0 0 1325 4416">
    <p class='ocr_par' dir='ltr' id='par_1_8' title="bbox 0 0 1325 4416">
     <span class='ocr_line' id='line_1_50' title="bbox 0 0 1325 4416; baseline 0 0"><span class='ocrx_word' id='word_1_480' title='bbox 0 0 1325 4416; x_wconf 95' lang='lat' dir='ltr'> </span> 
     </span>
    </p>
   </div>
  </div>
 </body>
</html>
