2626 4416
156 217 218 280 202
257 255 261 262 ·
550 219 592 270 DE
610 218 711 274 BELLO
730 218 823 271 GlVlLl

157 398 272 459 ericius.
303 396 357 456 llic
370 394 519 474 paulisper
531 400 574 454 ost
586 402 759 471 pugnatum,
774 411 843 453 cum
855 392 1021 470 irrumpere
1034 391 1130 453 nostri
1140 411 1237 453 cona·

155 492 270 555 rentur,
285 481 325 541 illi
342 488 435 540 castra
450 476 652 551 defenderent,
667 478 826 539 fortissime
842 477 875 538 T.
891 476 1025 552 Pullone,
1041 477 1127 538 cuius
1142 496 1237 558 opera

156 567 307 647 proditum
329 564 491 626 exercitum
507 563 537 624 C.
558 563 668 623 Antoni
690 563 969 638 demonstravimus,
992 580 1008 622 e
1030 562 1096 623 loco
1119 581 1236 642 propu-

124 664 140 714 6
160 663 279 733 guante.
306 651 363 713 Sed
375 660 474 710 tamen
487 648 582 710 nostri
592 648 700 709 virtute
711 648 847 709 vicerunt
861 648 1019 726 excisoque
1030 648 1122 709 ericio
1133 648 1235 728 primo

158 739 188 799 in
204 737 314 799 maiora
337 744 447 809 castra,
469 744 536 814 post
558 733 646 794 etiam
661 735 692 794 in
709 733 874 808 castellum,
898 734 977 813 quod
998 741 1061 794 erat
1081 733 1236 795 inclusum

157 822 317 883 maioribus
331 821 451 894 castris,
475 821 649 899 irruperunt
664 826 707 894 et,
730 819 810 898 quod
826 838 860 880 eo
876 819 962 898 pulsa
977 819 1053 898 legio
1067 826 1133 880 sese
1147 838 1234 880 rece·

157 918 249 987 perat,
265 906 427 967 nonnullos
442 904 483 966 ihi
499 912 701 983 repugnantes
715 905 941 965 interfecerunt.

241 987 300 1056 68.
324 991 381 1053 Sed
396 993 525 1064 fortuna,
541 1009 616 1068 quae
631 989 792 1069 plurimum
806 999 905 1069 potest
919 1009 989 1050 cum
999 989 1030 1050 in
1046 989 1169 1069 reliquis
1184 1008 1234 1051 re·

157 1077 213 1139 bus
225 1087 287 1137 tum
301 1077 461 1157 praecipue
472 1076 503 1136 in
515 1075 604 1148 bello,
619 1076 716 1154 parvis
731 1075 890 1136 momentis
904 1094 1026 1156 magnas
1037 1093 1138 1136 rerum
1151 1094 1236 1136 com·

122 1173 136 1223 t
156 1163 335 1224 mutationes
350 1162 455 1236 efficit3
479 1169 511 1221 ut
526 1169 589 1221 tum
604 1160 718 1220 accidit.
749 1160 960 1234 Munitionem,
977 1179 1065 1239 quam
1079 1160 1235 1240 pertinere

157 1268 172 1310 a
187 1248 289 1309 castris
301 1247 335 1307 ad
347 1247 457 1306 flumen
473 1265 564 1324 supra
578 1244 853 1320 demonstravimus,
868 1246 964 1307 dextri
980 1245 1110 1307 Caesaris
1122 1265 1236 1308 cornus

158 1334 296 1395 cohortes
318 1331 484 1410 ignorantia
499 1330 557 1391 loci
579 1340 650 1392 sunt
672 1339 806 1406 secutae,
829 1350 898 1392 cum
918 1340 1034 1412 portam
1053 1341 1236 1410 quaererent

121 1430 135 1479 3
158 1427 381 1495 castrorumque
404 1436 468 1477 eam
490 1416 688 1477 munitionem
705 1436 769 1478 esse
791 1416 1016 1477 arbitrarentur.
1053 1416 1141 1488 Quod
1164 1436 1236 1479 cum

157 1513 235 1565 esset
250 1502 498 1576 animadversum,
515 1501 705 1562 coniunctam
719 1521 783 1564 esse
797 1502 926 1578 flumini,
942 1501 1074 1582 prorutis
1088 1502 1235 1563 munitio-

158 1587 246 1650 nibus
261 1588 439 1649 defendente
454 1586 537 1648 nullo
552 1587 819 1662 transcenderunt,
843 1587 999 1666 omnisque
1022 1596 1125 1648 noster
1147 1589 1235 1666 equi·

158 1682 235 1735 tatus
251 1693 298 1734 eas
314 1673 452 1734 cohortes
467 1682 512 1733 est
526 1681 653 1733 secutus.

171 1757 173 1761 ’
241 1755 300 1823 69.
323 1757 445 1818 lnterim
461 1757 619 1836 Pompeius
633 1758 689 1818 hac
700 1756 770 1818 satis
784 1756 872 1835 longa
886 1756 1042 1818 interiecta
1056 1776 1139 1818 mora
1156 1765 1187 1818 et
1201 1777 1235 1819 re

65 1912 67 1919 ,
158 1844 292 1904 nuntiata
306 1862 323 1902 v
338 1843 472 1921 legiones
483 1843 518 1903 ab
532 1861 622 1922 opere
635 1843 774 1904 deductas
789 1841 921 1904 subsidio
932 1842 994 1904 suis
1005 1842 1096 1916 duxit,
1113 1843 1235 1904 ecdem·

158 1947 216 2006 que
230 1939 365 2007 tempore
380 1929 527 2006 equitatus
543 1927 605 1990 eius
621 1928 731 1989 nostris
746 1927 894 2006 equitibus
909 1927 1182 2006 appropinquabat,
1204 1937 1235 1990 et

157 2014 234 2075 acies
245 2014 388 2075 instructa
400 2032 417 2073 a
429 2013 547 2088 nostris,
560 2014 610 2092 qui
623 2022 717 2075 castra
729 2021 954 2095 occupaverant,
966 2013 1155 2089 cernebatur,
1169 2032 1235 2075 om-

121 2111 136 2160 2
157 2098 265 2178 niaque
280 2107 351 2160 sunt
365 2098 462 2160 subito
477 2107 597 2159 mutata.
628 2098 718 2178 Legio
735 2097 913 2178 Pompeiana
929 2098 1033 2160 celeris
1045 2118 1096 2178 spe
1109 2099 1236 2161 subsidii

158 2185 332 2244 confirmata
346 2183 382 2244 ab
399 2184 561 2244 decumana
572 2192 658 2264 porta
673 2183 810 2246 resistere
827 2183 991 2244 conahatur
1006 2191 1094 2262 atque
1110 2184 1190 2246 ultro
1202 2185 1234 2247 in

157 2278 275 2329 nostros
290 2269 434 2348 impetqm
448 2269 582 2329 faciebat.
613 2269 769 2348 Equitatus
785 2269 930 2342 Caesaris,
947 2269 1028 2347 quod
1042 2279 1170 2348 angusto
1186 2270 1235 2331 iti-

158 2371 231 2414 nere
246 2372 300 2432 per
314 2370 437 2432 aggeres
452 2353 644 2428 ascendebat,
668 2354 800 2434 receptui
820 2372 873 2414 suo
889 2354 997 2415 timens
1012 2354 1129 2415 initium
1145 2357 1235 2435 fugae

121 2450 135 2499 3
157 2437 463 2499 faciebat‘Dextrum
479 2457 583 2513 cornu,
602 2439 681 2518 quod
697 2448 761 2500 erat
775 2458 791 2499 a
806 2438 927 2500 sinistro
942 2438 1099 2514 seclusum,
1115 2449 1234 2502 terrore

156 2523 290 2603 equitum
311 2523 530 2600 animadverso,
560 2543 598 2585 ne
621 2523 699 2585 intra
721 2523 917 2586 munitionem
940 2525 1175 2605 opprimeretur,
1199 2545 1236 2588 ea

157 2617 251 2689 parte,
267 2628 355 2688 quam
370 2618 537 2689 prorueret,
552 2629 616 2671 sese
632 2609 802 2689 recipiebat,
818 2628 852 2670 ac
867 2610 1001 2689 plerique
1017 2630 1053 2670 ex
1068 2611 1128 2685 his,
1145 2631 1184 2672 ne
1200 2613 1234 2672 in

156 2743 668 2810 eineausgedehntelrontuotwendiger
754 2746 777 2796 2.
795 2759 893 2809 supro.-
920 2759 941 2796 c.
961 2747 1002 2808 66,
1019 2748 1043 2797 6.
1062 2773 1096 2781 -
1112 2750 1178 2796 eunt
1194 2762 1231 2796 se·

156 2826 218 2876 war,
228 2810 265 2863 als
276 2810 349 2863 'liele
359 2810 404 2862 der
411 2811 584 2878 Aulstellung.
597 2812 667 2862 111111-
719 2817 809 2863 certae:
828 2827 849 2862 c.
868 2814 910 2877 49,
929 2816 953 2864 6.
1061 2842 1063 2848 ·

156 2879 207 2931 lich
224 2879 253 2931 B.
272 2878 301 2931 G.
320 2882 343 2944 3,
362 2882 403 2945 24,
424 2885 444 2932 1.
752 2883 776 2931 6.
795 2881 958 2945 quodcum:
976 2882 1000 2944 2,
1022 2882 1060 2941 16,
1080 2881 1102 2930 1.

191 2952 214 3001 6.
227 2948 394 2999 111σὶ111111
407 2963 470 3015 quer
481 2963 528 2998 vor
539 2947 584 2999 das
597 2947 667 2999 'lhor
752 2946 798 3002 66.
812 2952 834 3000 1.
847 2951 880 2999 ob
893 2964 987 3014 opere:
1000 2962 1052 2999 ron
1064 2947 1109 3000 der
1118 2947 1234 3000 Schauz·

155 3031 298 3082 gezogener
322 3015 435 3081 Balken,
462 3031 508 3067 aus
532 3015 590 3068 dem
613 3030 664 3067 von
717 3017 798 3068 arbeit
820 3015 863 3068 bei
886 3017 944 3068 dem
967 3016 1047 3082 Lagei
1071 3031 1111 3067 am
1136 3015 1232 3070 llleere.

156 3083 223 3135 allen
245 3083 331 3136 Seiten
357 3084 455 3136 eiserne
478 3082 583 3150 Spitzen
608 3083 665 3135 her·
716 3112 750 3123 -
767 3087 910 3149 omniaque
926 3089 990 3135 sunt
1012 3086 1099 3135 subito
1116 3091 1233 3138 mutata.

155 3155 292 3217 vorragten
306 3150 393 3215 (daher
408 3150 666 3218 derName=lgel),
717 3151 829 3204 Beachte
855 3152 903 3204 den
934 3151 1077 3217 passenden
1105 3151 1233 3220 Tempus-

75 3233 79 3237 ’
155 3234 231 3270 unser
257 3219 414 3286 ‘spanischer
440 3218 542 3272 Reiter'.
566 3249 596 3257 -
622 3220 665 3269 da·
718 3220 830 3271 wechsel
848 3221 912 3272 nach
930 3220 988 3271 dem
1001 3221 1232 3286 vorherg'ehenden

153 3289 360 3338 monstravimus
384 3286 525 3351 jedenfalls
554 3288 580 3339 in
607 3287 665 3339 dem
716 3287 815 3354 lmperf.

155 3354 220 3406 nach
246 3357 301 3406 c.8
329 3354 520 3420 ausgelallenen
547 3354 665 3406 Berichte
750 3358 775 3408 2.
794 3358 827 3407 ab
840 3357 985 3407 decumana
1000 3361 1091 3423 porta,
1109 3356 1155 3409 das
1170 3357 1232 3410 dem

155 3421 218 3473 iiber
241 3421 282 3473 die
301 3421 452 3487 Niederlage
474 3422 519 3474 des
537 3422 665 3474 Antonius
716 3422 794 3475 Feind
814 3423 999 3489 abgewendete
1013 3425 1164 3492 Lagerlhor;
1184 3425 1231 3480 das

155 3490 198 3542 hei
210 3489 316 3542 Curicta.
343 3489 417 3542 Pulio
430 3491 464 3541 ist
476 3489 600 3557 derselbe‚
613 3507 665 3543 von
717 3491 775 3544 dem
793 3490 874 3544 Feind
891 3492 1047 3558 zugekehrte
1065 3493 1130 3545 hiels
1144 3499 1231 3560 porta

154 3556 663 3624 111111111111111111166.644111-
712 3563 861 3626 praetoria.
879 3589 914 3600 -
930 3563 1018 3613 ultro:
1049 3564 1231 3625 1161.-

154 3626 246 3678 richtet
263 3625 336 3678 wird.
716 3629 788 3694 quod
804 3635 919 3694 angusto
934 3633 1032 3681 11111111
1045 3647 1098 3696 per
1114 3646 1232 3696 aggeres

189 3699 212 3748 6.
231 3697 261 3746 in
280 3697 433 3747 castollum.-
451 3712 472 3748 c.
492 3697 533 3760 66,
551 3699 575 3748 5.
716 3699 879 3749 ascendebat
909 3697 954 3750 Die
967 3698 1076 3750 Reiterei
1090 3713 1144 3750 war
1160 3699 1230 3752 noch

187 3762 234 3820 68.
255 3768 275 3816 1.
306 3763 360 3815 Sed
380 3763 494 3825 fortuna
518 3792 551 3800 —
570 3763 663 3827 efficit.
715 3765 970 3832 damitheschilligt
989 3766 1067 3818 durch
1081 3765 1129 3818 den
1143 3781 1230 3834 engen

155 3830 180 3884 S.
199 3847 230 3884 zu
245 3834 268 3897 1,
280 3833 322 3898 21,
337 3836 358 3886 1.
376 3861 410 3872 -
427 3837 459 3884 ot
477 3837 532 3884 tum
550 3834 664 3885 accidit:
715 3833 866 3886 Dutchstich
901 3833 946 3886 des
977 3833 1058 3886 Walls
1092 3834 1156 3886 dher
1186 3835 1229 3888 die

156 3903 178 3965 1,
197 3903 237 3962 66,
258 3905 279 3954 1.
715 3901 829 3967 Dimme,
850 3901 929 3954 durch
948 3903 1046 3955 welche
1064 3902 1108 3954 der
1124 3901 1230 3957 Graben
