2626 4416
532 234 571 288 111.
589 236 698 289 rs-er.
1045 293 1060 304 „
1088 229 1151 293 213

82 419 116 468 ut
127 407 182 470 sihi
194 407 324 470 subsidio
339 408 474 469 veniant:
490 427 521 468 se
533 406 684 468 confidere
700 406 917 468 munitionibus
933 406 1048 489 oppidi,
1067 406 1092 467 si
1103 425 1152 466 ee-

82 495 184 554 leriter
205 502 409 569 succurratur3
432 493 626 572 longinquam
649 493 904 572 oppugnationem
925 493 1072 553 sustinere
1090 511 1151 552 non

82 598 178 659 posse.
205 579 303 657 Scipio
315 579 446 640 discessu
459 578 642 638 exercituum
653 577 689 637 ab
701 577 884 657 Dyrrhachio
896 577 1015 657 cognito
1024 577 1154 637 Larisam
1176 587 1190 637 t

83 665 214 741 legiones
229 664 404 739 adduxerat;
428 663 587 742 Pompeius
602 662 736 721 nondum
752 662 917 723 Thessaliae
932 663 1153 742 appropinqua·

82 750 140 810 hat.
171 747 278 809 Caesar
299 748 402 809 castris
423 747 546 808 munitis
566 746 659 809 scalas
680 747 888 825 musculosque
909 749 943 808 ad
967 748 1154 826 repentinam

84 834 335 913 oppugnationem
352 833 416 892 lieri
428 841 457 892 et
469 841 563 893 crates
575 831 672 911 parari
687 832 779 893 iussit.
810 831 925 902 Quibus
940 831 1029 893 rebus
1044 833 1157 894 ellectis
1177 840 1192 889 5

83 920 256 979 cohortatus
266 918 373 979 milites
384 918 493 992 (locuit,
508 926 652 995 quantum
668 935 755 978 usum
766 916 888 977 haberet
898 917 934 977 ad
947 915 1154 978 sublevandam
1194 925 1206 995 (j

84 1004 217 1064 omnium
228 1021 328 1063 rerum
340 1003 471 1083 inopiam
482 1002 571 1081 potiri
582 1001 691 1082 oppido
702 1002 791 1081 pleno
803 1009 890 1080 atque
903 1001 1054 1080 opulento,
1069 1002 1155 1062 simul

83 1088 206 1166 reliquis
229 1087 391 1148 civitatibus
413 1087 500 1148 huius
522 1087 605 1148 urbis
628 1087 762 1166 exemplo
784 1087 894 1147 inlerre
916 1095 1061 1147 terrorem
1085 1096 1112 1146 ct
1128 1086 1156 1146 id

85 1173 149 1234 ficri
164 1172 308 1248 celeriter,
324 1173 497 1252 priusquam
513 1173 618 1233 auxilia
634 1181 858 1233 concurrerent.
889 1171 991 1249 ltaque
1010 1190 1080 1232 usus
1096 1170 1158 1231 sin·
1179 1181 1194 1230 6

85 1257 180 1337 gulari
194 1257 318 1319 militum
333 1258 429 1318 studio
446 1258 559 1331 eodem,
575 1276 634 1336 quo
646 1266 775 1331 venerat,
791 1256 837 1317 die
849 1265 918 1335 post
928 1257 1032 1316 horam
1048 1274 1157 1316 nonam

86 1342 227 1423 oppidum
243 1342 389 1404 altissimis
404 1343 563 1403 moenibus
578 1360 752 1422 oppugnare
767 1361 923 1421 aggressus
937 1350 1006 1402 ante
1022 1341 1092 1402 solis
1108 1361 1157 1402 oc-

85 1446 184 1489 casum
197 1428 373 1508 expugnarit
384 1437 412 1488 et
424 1426 459 1487 ad
471 1428 668 1506 diripiendum
685 1426 827 1488 mihtibus
841 1427 988 1488 concessit
1002 1426 1158 1505 statimque

85 1514 122 1574 ab
146 1513 255 1592 oppido
278 1522 372 1574 castra
392 1513 482 1572 movit
497 1522 526 1573 et
541 1512 727 1591 Metropolim
743 1513 836 1584 venit,
859 1512 902 1573 sic
918 1520 950 1572 ut
972 1512 1093 1572 nuntios
1107 1530 1158 1572 ex-

84 1598 208 1678 pugnati
224 1598 325 1676 oppidi
339 1599 505 1676 famamque
520 1599 717 1658 antecederet.

170 1679 225 1746 81.
245 1683 447 1761 Metropolitae
462 1683 591 1763 primum
607 1683 711 1743 eodem
725 1681 772 1742 usi
786 1680 910 1742 consilio
926 1680 1018 1742 isdem
1033 1681 1161 1759 permoti

85 1767 256 1828 rumoribus
276 1777 378 1846 portas
398 1768 568 1830 clauserunt
589 1786 749 1846 murosque
775 1767 893 1827 armatis
919 1766 1143 1844 compleverunt
1150 1785 1159 1842 ;

86 1854 137 1914 sed
158 1862 260 1931 postca
276 1871 346 1914 casu
367 1853 490 1915 civitatis
505 1853 702 1932 Gomphensis
723 1852 842 1929 cognito
866 1870 902 1912 ex
923 1851 1059 1931 captivis,
1085 1870 1160 1930 quos

86 1938 193 1999 Gaesar
213 1940 249 1998 ad
270 1956 388 1998 murum
412 1939 621 2017 producendos
647 1944 813 2011 curaverat,
840 1946 941 2015 portas
967 1945 1183 2015 aperuerunt.¹

86 2022 202 2094 Quibus
222 2022 444 2102 diligentissime
471 2024 651 2085 conservatis
673 2022 777 2083 collata
798 2022 919 2081 fortuna
940 2021 1160 2099 Metropolitum
1182 2031 1196 2080 2

86 2126 153 2168 cum
168 2126 239 2169 casu
254 2107 487 2188 Gomphensium
509 2108 588 2169 nulla
604 2108 770 2169 Thessaliae
785 2107 841 2167 luit
856 2107 955 2168 civitas
970 2115 1088 2185 praeter
1102 2107 1158 2166 La-

85 2193 205 2267 risaeos,
221 2193 272 2272 qui
283 2194 398 2272 magnis
410 2193 588 2254 exercitibus
600 2193 747 2271 Scipionis
758 2192 947 2266 tenebantur,
959 2193 1031 2270 quio
1044 2191 1158 2253 Caesari

84 2286 225 2357 parerent
240 2282 327 2356 atque
343 2278 483 2357 imperata
498 2280 641 2340 facerent.
678 2278 729 2339 llle
750 2279 890 2338 idoneum
911 2278 1009 2338 locum
1029 2277 1060 2337 io
1082 2277 1161 2357 agris
1182 2286 1196 2336 t

85 2371 190 2424 nactus
210 2362 308 2442 plenis
329 2365 563 2439 frumentorum,
585 2383 660 2444 quae
676 2382 769 2443 prope
790 2363 849 2423 iam
870 2372 984 2424 matura
1000 2372 1098 2437 erant,
1118 2362 1158 2422 ibi

86 2483 133 2530 bor
152 2485 264 2545 pareret
288 2483 435 2544 accercitur,
460 2485 599 2547 praetores
649 2479 698 2530 den
711 2478 797 2531 Plural
815 2494 866 2530 von
883 2479 1080 2530 Meeresmassen
1099 2478 1161 2530 oder

88 2548 298 2615 appellaverunt.
333 2548 397 2613 Nep.
410 2547 518 2602 Miltiad.
531 2554 555 2610 4,
568 2552 597 2599 4:
649 2546 823 2598 lleeresteilen
840 2547 988 2606 verstehen;
1008 2561 1027 2597 3.
1045 2559 1067 2595 c.
1081 2547 1121 2609 25,
1135 2549 1158 2607 3,

86 2617 159 2666 domi
177 2621 269 2665 creant
284 2616 371 2665 decem
384 2621 532 2681 praetores,
551 2619 598 2680 qm'
651 2630 690 2666 wo
704 2630 795 2666 esron
808 2613 865 2664 dem
879 2614 904 2664 in
918 2613 1006 2664 ltalien
1019 2612 1160 2679 zurichge-

86 2684 220 2733 eccercitui
228 2683 598 2748 praeessent—longinquus
648 2681 785 2733 blichenen
802 2681 865 2732 Rest
887 2679 932 2732 des
956 2680 1159 2732 cisarianischen

85 2765 137 2801 ron
150 2749 195 2800 der
206 2748 349 2812 Zeitdauer,
361 2751 411 2801 wie
424 2748 452 2802 Β.
463 2751 492 2802 G.
502 2753 597 2814 1,41,1
648 2750 742 2801 Heeres
755 2749 845 2800 heilst:
859 2751 959 2799 crebris
970 2750 1079 2814 Pompei
1090 2749 1161 2799 litte-

87 2819 235 2882 longinquo
254 2818 451 2870 eonmetudine.
648 2820 688 2868 rte
705 2821 887 2882 castigantur,
910 2819 1039 2882 quoniam
1055 2821 1161 2867 venien-

120 2890 144 2939 4.
162 2885 287 2936 Larisom
304 2886 522 2951 tripudiarent
537 2901 597 2938 vom
649 2890 700 2936 tem
720 2886 856 2938 Caesarem
879 2901 934 2936 reon
952 2886 1160 2950 prohibuissent,

85 2953 234 3006 Haliacmon
253 2970 299 3006 aus
312 2954 390 3006 durch
407 2954 448 3006 die
460 2953 540 3006 Pisse
552 2953 598 3006 des
648 2957 685 3004 ot
710 2954 864 3018 reliquos
891 2956 958 3003 eius
986 2956 1160 3004 accercitus

88 3023 188 3090 Olymp.
649 3022 816 3086 impedirent.
829 3050 860 3058 -
875 3024 940 3087 quin
949 3027 1085 3086 parerent.
1111 3019 1161 3073 Der

120 3097 144 3144 5.
160 3094 248 3158 potiri
266 3090 372 3157 oppido,
393 3088 496 3149 inferre
515 3094 598 3140 terro-
649 3088 736 3140 Plural
753 3089 788 3140 ist
811 3093 911 3153 gesem
928 3089 999 3140 nicht
1017 3089 1077 3140 weil
1095 3092 1160 3139 cici-

16 3176 19 3181 ·
85 3158 598 3225 rem,-idfieri‚SubJehteaubeterei.
651 3157 768 3209 tarauch
786 3157 824 3208 als
837 3156 1007 3209 collectivum
1021 3158 1161 3222 gebraucht
1259 3209 1263 3215 ,

121 3230 144 3279 6.
161 3232 271 3278 armatior
282 3230 434 3293 expugnati
446 3227 553 3292 oppidi:
571 3240 599 3277 er
651 3224 714 3277 wird
732 3225 793 3290 (wie
811 3240 832 3276 a.
845 3223 874 3277 Β.
892 3225 922 3278 B.
935 3225 964 3277 G.
980 3229 1002 3288 1,
1015 3228 1040 3291 2,
1059 3231 1084 3278 l:
1099 3243 1161 3293 per·

87 3294 145 3345 kam
159 3295 219 3353 eber
234 3295 272 3346 als
284 3296 325 3347 die
337 3294 475 3347 Nachricht
487 3294 539 3346 und
553 3294 598 3346 das
649 3296 737 3345 333311
746 3296 860 3359 civitati,
871 3298 904 3344 ut
912 3296 1037 3360 coirent),
1050 3293 1161 3347 sondcrn

88 3362 598 3430 Gerr‘rchtvonderllroberungrlerStadt
649 3362 709 3414 weil
732 3363 797 3413 nach
821 3363 917 3413 33113
940 3361 996 3423 luit
1018 3366 1113 3414 civitae
1134 3363 1160 3414 io

87 3429 597 3498 (1313333133513.-113133ροὶ3313
650 3430 707 3482 dem
732 3447 783 3482 ron
808 3433 873 3496 quin
897 3430 1059 3497 abhiogigen
1084 3431 1160 3483 Satae

87 3503 156 3550 etwa
186 3501 199 3548 5
229 3496 344 3550 Stunden
373 3499 515 3552 sudbstllclr
546 3515 598 3550 von
650 3499 694 3551 der
720 3497 855 3564 Gedanke‚
882 3499 937 3551 ‹lals
964 3499 1028 3551 alle
1055 3499 1161 3551 Staaten

88 3566 196 3633 Gomphi
214 3565 265 3631 lag.
650 3567 814 3633 gehorchtem
827 3568 1160 3633 hervortritt.—imperato

122 3635 165 3691 81.
184 3636 207 3687 2.
226 3634 425 3700 Metropolitum
444 3634 483 3686 lrlr
500 3634 598 3685 Metro·
649 3634 785 3695 facereret:
806 3640 828 3699 l,
846 3638 887 3700 60,
908 3639 930 3686 1.

85 3704 241 3770 politorum.
259 3732 293 3741 -
309 3705 416 3768 magnis
438 3703 600 3753 erercitr'bus
685 3705 707 3756 3.
726 3703 790 3754 Ille:
811 3703 895 3766 Gisar,
913 3703 964 3753 wie
984 3705 1007 3766 1,
1027 3704 1066 3764 11,
1085 3703 1109 3752 3.
1127 3729 1161 3737 -

87 3772 122 3822 ist
148 3770 290 3824 aullallend
313 3770 365 3823 und
388 3770 521 3822 vielleicht
542 3786 598 3822 ver·
648 3773 734 3837 plenis
753 3770 953 3831 frumentorum
976 3773 1006 3830 (e.
1029 3768 1074 3820 (133
1099 3767 1161 3820 Ver-

88 3838 196 3903 dorhen,
219 3839 250 3891 da
276 3838 317 3891 Sci
337 3839 363 3891 io
385 3839 451 3891 doch
475 3854 523 3889 our
546 3839 599 3889 ein
650 3839 763 3893 zetchnis
775 3838 820 3891 der
831 3839 970 3901 Lemnon),
989 3838 1038 3888 wie
1052 3839 1074 3898 2,
1085 3839 1126 3901 37,
1136 3840 1160 3888 6.

88 3905 153 3960 lleer
179 3908 258 3961 hatte.
330 3922 362 3960 an
385 3907 455 3959 kann
478 3905 598 3958 indessm
650 3923 762 3973 -quae
774 3921 860 3973 prope
877 3909 932 3956 iem
949 3909 1057 3956 moltero
1076 3910 1161 3956 erent.
