2626 4416
369 303 371 306 >
474 273 674 329 mat-rs.
736 321 743 325 .
1069 271 1130 333 211

56 447 161 526 Itaque
173 447 340 527 praemissis
352 447 464 508 nuntiis
476 449 512 507 ad
524 447 578 508 Cn.
590 448 751 510 Domitium
764 448 868 509 Caesar
878 448 996 529 scripsit
1007 457 1046 523 el,
1062 450 1133 529 quid
1154 457 1168 508 5

57 534 122 594 sieri
132 533 226 607 vellet,
238 532 367 593 ostendit
377 533 583 611 praesidioque
596 534 768 611 Apolloniae
780 534 952 596 cohortibus
963 554 1015 608 uu,
1026 535 1102 596 Lissi
1112 555 1130 609 r,

58 638 88 678 111
105 619 183 679 Orici
206 617 316 678 relictis
336 617 448 696 quique
467 626 603 678 oranter
624 618 797 680 vulneribus
819 620 898 698 aegri
921 620 1062 699 depositis
1077 639 1131 700 per

57 704 179 782 Epirum
194 711 284 781 atque
300 702 504 762 Athamaniam
518 703 574 763 iter
589 704 685 764 facere
701 705 807 782 coepit.
836 704 995 783 Pompeius
1011 724 1130 784 qnoque
1152 711 1167 760 6

57 790 93 850 de
108 788 239 850 Caesaris
254 787 378 848 consilio
395 788 566 848 coniectura
580 787 714 850 iudicans
727 790 763 848 ad
779 789 949 867 Scipionem
964 809 1130 870 properau-

56 874 127 933 dum
148 873 205 934 sibi
227 871 425 948 existimabat;
438 873 472 933 si
487 872 594 933 Caesar
615 873 672 933 iter
686 873 737 934 illo
752 873 889 948 baberet,
912 884 946 935 ut
966 875 1130 937 subsidium

56 959 190 1038 Scipioni
212 959 318 1034 ferret3
342 957 366 1019 si
387 957 425 1017 ab
448 976 500 1019 ora
521 958 667 1018 maritima
683 958 832 1037 Oricoque
854 959 1006 1020 discedere
1028 961 1130 1037 nollet,

56 1044 136 1122 quod
147 1044 280 1122 legiones
291 1043 512 1122 equitatumque
525 1062 561 1103 ex
571 1043 651 1105 ltalia
664 1051 857 1124 exspectaret,
871 1045 936 1123 ipse
947 1052 979 1105 ut
991 1044 1130 1107 omnibus

57 1128 150 1208 copiis
164 1128 326 1189 Domitium
340 1129 560 1208 aggrederetur.

141 1210 197 1278 79.
220 1214 273 1274 His
288 1215 324 1274 de
336 1214 431 1275 causis
446 1223 570 1292 uterque
586 1232 690 1274 eorum
705 1214 847 1275 celeritati
863 1214 1008 1287 studebat,
1025 1223 1054 1276 et
1069 1216 1129 1276 suis

56 1308 89 1359 ut
106 1308 183 1361 esset
199 1299 316 1373 auxilio,
332 1307 361 1359 et
376 1299 412 1359 ad
424 1299 636 1379 opprimendos
650 1299 831 1361 adversarios
843 1318 881 1360 ne
894 1300 1043 1362 occasioni
1054 1308 1128 1361 tcm-

56 1384 138 1463 poris
151 1384 274 1445 deesset.
298 1383 355 1445 Sed
368 1383 521 1444 Caesarem
532 1384 688 1462 hpoDouia
700 1403 716 1444 a
728 1385 839 1445 directo
852 1384 958 1446 itinere
970 1393 1128 1459 averterat;
1152 1386 1166 1436 2

55 1469 215 1549 Pompeius
226 1488 281 1549 per
293 1469 467 1530 Candaviam
482 1468 537 1528 iter
550 1469 581 1529 in
594 1469 796 1530 Macedoniam
808 1469 975 1547 expeditum
991 1470 1127 1531 habebat.

56 1555 186 1616 Accessit
201 1555 288 1614 etiam
303 1573 338 1615 ex
353 1554 512 1632 improviso
528 1553 606 1615 aliud
620 1554 857 1628 incommodum,
879 1555 958 1633 quod
974 1555 1128 1629 Domitius,
1151 1555 1165 1604 3

57 1641 108 1719 qui
123 1638 185 1700 dies
200 1638 370 1717 complures
385 1639 487 1701 castris
502 1639 650 1719 Scipionis
668 1649 763 1701 castra
778 1640 882 1701 collata
896 1640 1061 1715 habuisset,
1084 1642 1128 1702 rei

54 1725 264 1786 frumentariae
280 1743 368 1786 causa
381 1725 417 1784 ab
433 1744 468 1786 eo
484 1725 659 1788 discesserat
673 1734 703 1788 et
718 1725 891 1800 Heracliam,
908 1744 984 1804 quae
999 1735 1044 1786 est
1057 1727 1128 1786 sub-

55 1811 131 1871 iecta
146 1809 316 1884 Candaviae,
331 1810 389 1870 iter
402 1811 528 1885 fecerat,
545 1821 579 1873 ut
593 1811 656 1891 ipsa
672 1813 792 1872 fortuna
807 1811 889 1872 idum
905 1810 1023 1871 obicere
1039 1811 1126 1871 Pom·

55 1895 124 1975 peio
136 1895 294 1956 videretur.
314 1895 393 1956 Haec
405 1895 441 1955 ad
451 1895 481 1955 id
490 1905 608 1975 tempus
616 1897 722 1959 Caesar
732 1896 897 1977 ignorabat.
916 1896 1128 1956 SimulaPom-
1149 1892 1165 1944 4

55 1980 123 2061 peio
138 1981 243 2041 litteris
254 1999 309 2059 per
320 1999 424 2041 omnes
438 1981 606 2059 provincias
621 1983 810 2061 civitatesque
825 1980 951 2042 dimissis
966 1980 1079 2059 proelio
1092 1981 1128 2064 ad

55 2066 270 2146 Dyrrhachium
285 2066 361 2126 lacto
376 2065 463 2126 latius
478 2066 666 2145 inflatiusque
681 2067 783 2140 multo,
800 2085 888 2145 quam
900 2084 948 2126 res
962 2073 1025 2126 erat
1035 2075 1126 2144 gesta,

91 2185 113 2234 6.
132 2185 183 2233 iter
200 2183 323 2232 haberet:
342 2185 364 2246 l,
376 2185 416 2246 14,
426 2183 449 2233 3.
463 2182 566 2232 —Ori-
618 2183 701 2234 einem
727 2183 896 2248 schwierigen
924 2181 1047 2248 Umwege
1075 2197 1127 2233 von

56 2251 214 2370 {wonleph
237 2249 293 2329 dem
316 2248 485 2371 ραὲἓειιῖὶεῖεη
502 2249 566 2332 Lan:
616 2249 754 2370 1ἑροίὶῒοηὶε
763 2266 809 2302 aus
821 2266 852 2303 zu
862 2249 989 2302 Domitius
1001 2250 1127 2316 gelangen
1221 2282 1222 2285 =

73 2332 220 2384 ungspaz,
238 2332 288 2369 wie
306 2333 327 2370 c.
382 2357 388 2383 ,
430 2335 476 2369 :a
494 2334 564 2369 rnen
635 2334 721 2370 onue.

54 2387 286 2453 Dyrrhachioque.
298 2416 332 2424 -
344 2387 462 2452 legiones
474 2403 565 2453 cuspe-
650 2390 673 2440 3.
692 2389 740 2452 qul
751 2415 782 2423 —
795 2388 937 2452 habuisset,
954 2386 1004 2437 wie
1021 2388 1041 2450 l,
1051 2387 1093 2447 64,
1103 2388 1127 2449 8,

56 2458 149 2516 claret,
167 2469 194 2505 es
208 2469 295 2506 waren
312 2455 379 2506 iroch
397 2455 462 2506 zwei
474 2454 564 2520 Legio·
616 2455 661 2507 der
677 2453 851 2519 Konjunktiv,
873 2453 933 2505 weil
952 2452 996 2505 der
1013 2452 1127 2505 Relatis-

56 2537 104 2574 nen
122 2523 197 2572 unter
214 2521 243 2581 Q.
263 2522 413 2574 Cornificius
430 2523 457 2573 iu
473 2522 564 2576 ltalien
616 2527 671 2575 sata
689 2523 759 2575 nicht
780 2521 847 2573 blois
866 2522 923 2572 eine
942 2520 1126 2573 thatshchliche

55 2587 159 2642 zurficb.
219 2636 221 2640 Α
616 2589 877 2655 Erlhuterunggiebl,
890 2587 999 2640 sondern
1012 2587 1127 2639 einsub-

89 2654 175 2709 221.
203 2658 339 2706 oceasimn'
356 2660 498 2722 tempores:
524 2659 565 2710 die
613 2658 728 2723 jebtives
751 2657 832 2708 Urteil
859 2656 904 2708 des
930 2654 1126 2707 Schrlltstellers

55 2722 175 2790 ghustige
198 2721 377 2789 Gelegenheit,
401 2725 500 2777 welche
524 2726 565 2777 dle
617 2726 728 2790 enthailt,
749 2724 834 2776 indem
852 2740 880 2776 er
898 2724 963 2776 eben
981 2722 1052 2774 darin
1069 2723 1126 2775 eine

55 2792 110 2843 Zeit
128 2790 221 2855 bietet,
244 2789 288 2842 der
306 2791 424 2856 giinstige
442 2791 566 2859 Moment,
616 2794 757 2846 besondere
770 2791 937 2857 Einwirkung
949 2790 994 2843 des
1006 2790 1126 2843 ‘Gldcltes

55 2860 100 2912 der
111 2859 190 2911 durch
202 2859 286 2910 Zuvor
323 2873 407 2910 mmen
421 2874 564 2926 gewonnen
616 2862 703 2914 selbst’
720 2860 836 2925 erkennt,
854 2860 909 2911 dels
921 2859 1055 2924 Domitius,
1073 2859 1126 2911 ‘der

54 2927 131 2988 wird;
150 2927 202 2994 vgl.
218 2943 240 2980 c.
250 2929 273 2990 9,
308 2929 497 2978 :occasionem
514 2945 566 2979 me·
616 2929 682 2981 doch
699 2929 803 2994 lingere
815 2929 872 2980 Zeit
885 2927 940 2979 sein
952 2928 1033 2993 Lagei
1043 2926 1069 2978 in
1082 2926 1127 2978 der

53 2998 159 3049 aldioni
183 2997 318 3062 teuperto.
341 3025 375 3032 -
397 3012 430 3046 ne
453 2998 563 3048 deesset:
615 2996 687 3049 Naue
700 2997 745 3049 des
759 2997 844 3062 Scipio
863 2995 958 3062 gehabt
971 2996 1056 3060 hatte’,
1073 2994 1145 3045 nnd‘

55 3082 96 3120 um
114 3065 185 3118 nicht
202 3081 234 3116 zu
248 3064 406 3116 versdumen.
435 3063 460 3117 S.
472 3069 495 3130 1,
507 3069 528 3128 1,
540 3067 564 3117 2.
616 3080 691 3117 wenn
701 3080 728 3116 er
739 3064 828 3130 linger
837 3064 894 3116 dort
903 3063 1125 3129 gebhebenwiirq

55 3137 163 3199 3,93,2.
180 3133 391 3198 nivensem:
415 3149 500 3199 neque
524 3149 565 3185 oc-
616 3133 687 3184 nicht
710 3133 736 3183 in
755 3132 848 3184 Gelahr
872 3131 1027 3199 gekommen
1048 3132 1132 3195 wire·

54 3205 158 3255 canoni
184 3207 245 3252 tuae
268 3203 350 3266 desis,
377 3218 463 3267 neque
487 3218 564 3253 satum
615 3201 673 3253 dem
685 3200 823 3268 Pompeius
840 3201 866 3250 in
880 3201 920 3252 die
932 3199 1019 3251 llhnde
1034 3215 1066 3251 au
1079 3198 1125 3250 lal-

55 3273 218 3321 oeanu‘onene
235 3271 307 3320 hosti
323 3270 375 3321 des.
614 3271 670 3336 len,
688 3269 781 3335 genade
799 3268 896 3321 damals
913 3268 1055 3321 lortaiehen
1073 3266 1125 3319 und

89 3339 113 3389 2.
134 3337 278 3401 Apollonia
301 3338 326 3388 d.
343 3339 360 3390 i.
384 3338 439 3390 sein
461 3338 563 3390 lllsrsch
615 3355 644 3392 so
669 3338 727 3390 dem
748 3337 886 3404 Pompeius
913 3337 979 3388 nahe
1005 3335 1126 3388 hommen

55 3405 120 3457 nach
132 3403 278 3469 Apollonia,
296 3419 317 3455 c.
327 3408 368 3468 78,
381 3410 402 3457 l.
428 3406 505 3458 Nicht
518 3423 564 3459 un·
614 3407 717 3460 mulsle.
728 3436 762 3444 -
774 3411 863 3457 eostre
881 3407 977 3456 eastris
995 3402 1126 3469 conferre,

55 3471 156 3526 onnlieh
175 3470 203 3524 B.
217 3471 245 3522 G.
264 3473 288 3536 d,
307 3474 347 3536 22,
365 3474 394 3524 2:
411 3489 497 3540 neque
515 3477 563 3525 hes
616 3475 666 3526 wie
683 3474 712 3527 Β.
731 3476 760 3528 G.
779 3479 803 3539 8,
821 3477 846 3538 9,
864 3476 893 3526 2:
921 3478 1011 3524 eastra
1029 3474 1126 3524 eastris

54 3541 222 3594 tantularum
255 3554 347 3590 rerum
377 3544 564 3606 compactiones
614 3541 1053 3608 eonfert=eaegioneponih=
1066 3542 1126 3590 suh-

53 3611 263 3663 Britanniae
280 3608 478 3673 anteponendos
494 3610 565 3659 luda·-
615 3613 685 3662 teate
699 3611 848 3663 Candaviae
861 3611 899 3661 als
911 3609 995 3661 einem
1007 3607 1126 3673 Gebirgs·

55 3680 142 3730 cahat.
158 3707 192 3715 -
207 3692 258 3743 per
271 3674 435 3727 Candaviam
449 3678 502 3726 iter
519 3693 565 3728 eau-
615 3678 683 3730 land.

53 3747 171 3812 peditum
183 3746 259 3796 heb„-
276 3758 303 3795 er
315 3758 365 3808 zog
376 3743 422 3795 aul
432 3743 476 3795 der
487 3759 565 3810 egna-
650 3749 674 3800 4.
693 3747 775 3797 latius
792 3747 980 3810 inflatiusque:
999 3744 1022 3807 2,
1043 3745 1123 3806 17,3;

55 3813 154 3866 tischen
166 3813 262 3866 Stralse
280 3812 343 3864 tiber
354 3811 499 3879 Lichnydos
512 3813 565 3865 und
617 3816 658 3878 39,
669 3817 697 3873 4;
717 3813 758 3865 die
770 3813 858 3865 Worte
875 3810 980 3864 khnnen
998 3810 1063 3861 nach
1081 3810 1126 3861 der

55 3881 140 3949 Pylon
157 3882 222 3934 nach
239 3879 381 3943 Heraldeie‚
402 3880 499 3932 bellich
513 3897 565 3934 von
617 3880 804 3946 Wortstellung
822 3881 894 3932 nieht
911 3879 958 3931 mit
976 3879 1074 3929 litteris
1086 3878 1125 3928 ut·
1215 3932 1219 3937 ,

56 3949 196 4016 Candavia,
220 3947 341 4002 whhrend
359 3947 435 4000 Ghsar
457 3965 504 4002 nur
521 3947 567 4001 aul
615 3952 702 4001 ntissis
719 3946 867 4001 verbunden
886 3946 998 4013 werden,
1015 3945 1126 3999 sondem

765 4083 767 4086 .
870 4031 921 4085 tl*
