2626 4416
136 248 197 313 194
531 252 573 305 DE
585 250 693 304 -BELLO
711 250 804 304 GlVlLl

135 421 272 509 praeesse
292 437 390 488 autem
412 446 466 488 suo
489 427 610 488 nomine
632 426 789 499 exercitui,
811 434 844 487 ut
864 434 983 505 praeter
1003 425 1209 488 auctoritatem

98 526 113 575 t
133 515 210 574 vires
225 532 345 592 quoque
359 513 395 572 ad
410 514 608 573 coercendum
623 511 756 572 haberet.
787 510 872 582 Quod
888 511 912 573 si
927 511 1061 586 fecisset,
1077 512 1209 592 quietem

136 599 249 672 ltaliae,
272 616 373 677 pacem
389 597 622 677 provinciarum,
646 598 770 658 salutem
784 595 901 676 imperii
916 597 968 657 uni
984 615 1089 658 omnes
1102 616 1209 679 accep-

97 695 112 745 5
133 694 193 745 tam
214 683 368 744 relaturos.
405 683 484 743 Haec
506 683 625 743 adeum
647 682 783 743 mandata
799 681 917 743 Clodius
938 683 1029 743 refert
1051 701 1084 743 ac
1105 683 1209 762 primis

136 769 248 843 diebus,
263 777 297 828 ut
311 768 476 843 videbatur,
492 767 619 829 libenter
633 767 748 829 auditus
764 767 884 845 reliquis
899 767 933 827 ad
949 767 1131 846 colloquium
1147 787 1208 829 non

136 853 299 914 admittitur
313 854 451 933 castigato
467 853 606 933 Scipione
621 873 636 914 a
652 853 795 925 Favonio,
811 860 845 912 ut
859 861 961 932 postea
976 854 1114 914 conlecto
1129 854 1208 915 bello

136 939 365 1020 reperiebamus,
380 939 548 1017 infectaque
563 957 596 999 re
611 957 675 999 sese
691 939 727 998 ad
743 938 896 1000 Caesarem
911 939 1032 1018 recepit.

220 1020 278 1088 58.
295 1024 410 1098 Caesar,
426 1043 485 1102 quo
500 1023 614 1084 lucilius
629 1024 790 1102 equitatum
803 1023 1013 1103 Pompeianum
1031 1024 1065 1083 ad
1079 1025 1208 1104 Dyrrha·

136 1110 235 1170 chium
247 1110 415 1171 contineret
423 1117 451 1169 et
461 1108 651 1189 pabulatione
662 1109 843 1189 prohiberet,
855 1109 949 1169 aditus
961 1110 1044 1183 duos,
1056 1128 1133 1188 quos
1145 1129 1209 1171 esse

135 1203 277 1275 angustos
292 1195 567 1268 demonstravimus
583 1195 696 1273 magnis
711 1194 852 1275 operibus
865 1195 1062 1274 praemunivit
1077 1194 1210 1256 castella·

98 1291 113 1340 2
134 1299 192 1359 que
206 1281 253 1340 his
264 1279 337 1341 locis
351 1280 459 1359 posuit.
490 1279 657 1359 Pompeius,
674 1279 726 1339 uhi
738 1279 811 1340 nihil
825 1280 931 1359 profici
946 1280 1079 1358 equitatu
1094 1299 1211 1360 cogno-

135 1366 189 1439 vit,
212 1365 313 1445 paucis
335 1363 509 1426 intermissis
530 1365 633 1425 diebus
656 1383 774 1426 rursum
796 1383 864 1425 eum
886 1365 1009 1426 navibus
1031 1366 1067 1425 ad
1084 1385 1116 1426 se
1131 1366 1210 1427 intra

97 1461 112 1510 3
133 1451 314 1511 munitiones
328 1449 441 1530 recipit.
472 1450 540 1509 Erat
556 1468 668 1511 summa
684 1451 784 1530 inopia
798 1450 917 1530 pabuli,
941 1449 1013 1510 adeo
1029 1459 1062 1510 ut
1080 1451 1158 1512 loliis
1173 1471 1209 1512 ex

135 1534 291 1597 arboribus
305 1535 415 1596 strictis
426 1545 455 1595 et
465 1536 577 1596 teneris
590 1536 790 1596 harundinum
805 1535 953 1596 radicibus
968 1536 1101 1597 contusis
1116 1555 1210 1615 equos

136 1622 249 1682 alerent
263 1622 422 1699 (frumenta
438 1621 526 1694 enim,
542 1639 617 1699 quae
631 1621 748 1681 fuerant
762 1622 840 1681 intra
852 1621 1033 1682 munitiones
1048 1630 1119 1694 sata,
1136 1640 1211 1684 con-

96 1717 112 1766 4
133 1709 349 1787 sumpserant);
362 1706 557 1785 cogebantur
572 1705 700 1786 Corcyra
720 1715 809 1785 atque
823 1706 988 1767 Acarnania
1008 1707 1099 1786 longo
1115 1707 1209 1768 inter·

134 1793 211 1853 iecto
226 1791 420 1872 navigationis
435 1791 528 1870 spatio
544 1791 686 1870 pabulum
700 1800 893 1872 supportare,
912 1792 1052 1871 quodque
1066 1801 1131 1852 erat
1145 1792 1209 1855 eius

134 1878 177 1937 rei
193 1877 293 1938 minor
307 1877 400 1956 copia,
415 1877 526 1936 hordeo
543 1876 687 1955 adaugere
703 1886 790 1956 atque
805 1877 851 1937 his
865 1876 1031 1938 rationibus
1045 1878 1209 1956 equitatum

97 1974 112 2023 5
133 1963 267 2023 tolerare.
292 1963 348 2023 Sed
360 1970 517 2042 postquam
529 1980 591 2021 non
600 1962 688 2022 modo
698 1962 843 2022 hordeum
855 1962 1057 2042 pabulumque
1070 1963 1211 2026 omnibus

134 2048 207 2108 locis
221 2047 389 2125 herbaeque
403 2047 547 2130 desectae,
562 2048 612 2107 sed
630 2048 717 2108 etiarn
730 2049 815 2109 lrons
826 2066 861 2108 ex
872 2046 1030 2109 arboribus
1044 2047 1209 2124 deficiebat,

135 2132 283 2212 corruptis
296 2131 380 2210 equis
395 2132 487 2192 macie
503 2133 670 2192 conandum
686 2132 741 2194 sibi
757 2132 866 2211 aliquid
881 2133 1040 2214 Pompeius
1059 2133 1095 2194 de
1119 2153 1209 2216 erup·

134 2218 216 2278 tione
231 2217 411 2278 existimavit.

218 2298 277 2367 59.
298 2301 392 2362 Erant
406 2301 484 2380 apud
496 2300 649 2363 Caesarem
665 2303 797 2380 equitum
813 2320 938 2363 numero
954 2302 1128 2382 Allobroges
1150 2305 1212 2365 duo

134 2388 248 2460 lratreS,
264 2385 413 2447 Rauoillus
428 2395 457 2446 et
468 2386 558 2466 Egus,
573 2387 719 2447 Adbucilli
733 2388 794 2461 tilii,
810 2388 862 2465 qui
876 2387 1074 2468 principatum
1091 2389 1122 2449 in
1139 2389 1209 2451 civi·

134 2481 193 2532 tate
208 2471 307 2533 multis
321 2472 408 2532 annis
424 2471 606 2546 obtinuerat,
626 2472 768 2552 singulari
783 2472 891 2532 virtute
905 2473 1056 2548 homines,
1079 2493 1210 2552 quorum

134 2639 641 2705 dringouwiet‚t,6.—praeesaeruo
694 2639 735 2692 die
764 2655 796 2692 an
826 2640 914 2692 Futter
945 2638 1048 2705 Muugel
1077 2640 1134 2705 litt,
1162 2641 1208 2693 aul

134 2709 406 2772 commemoratae,
430 2723 482 2760 von
504 2706 642 2775 Pompeius
693 2707 1209 2776 Schillennachllyrrhechiumgeschioht

134 2775 305 2842 unabhdngig.
342 2774 428 2842 Vergl.
446 2792 467 2828 e.
486 2777 527 2838 82,
548 2780 569 2828 l.
693 2777 740 2827 mit
758 2775 815 2828 dem
828 2776 959 2842 Aultrege,
978 2775 1207 2829 diedortstehen-

170 2849 193 2895 5.
216 2859 233 2892 α
249 2844 388 2895 Favonio:
410 2859 431 2895 c.
450 2846 537 2907 36,.3.
556 2873 589 2881 —
612 2848 643 2893 ut
693 2844 743 2896 den
761 2844 881 2912 Truppen
901 2844 990 2896 Gasars
1014 2860 1046 2896 zu
1069 2844 1206 2898 durchbre-

131 2909 642 2979 posteaeonfeetobellorepmebarnue.
695 2912 830 2964 chenund
848 2928 880 2964 zu
893 2912 1061 2978 louragiereu,
1082 2928 1137 2965 was
1150 2914 1205 2966 Gis.

134 2980 160 3032 S.
179 2996 211 3033 zu
229 2996 250 3032 c.
266 2983 305 3042 18,
319 2983 342 3031 5.
695 2981 773 3033 durch
797 2979 869 3032 seine
887 2979 1039 3046 hlalsregeln
1063 2982 1208 3034 rereitelte.

167 3047 643 3103 58.1.auuusuuos.·nemlieunie
695 3079 728 3087 -
749 3065 815 3114 quor
832 3077 866 3085 —
889 3049 1141 3115 demonstrauimus,
1167 3049 1207 3112 je-

133 3131 178 3167 zur
200 3115 274 3167 Stadt
297 3115 438 3168 ltrhreuden
460 3116 552 3167 beiden
576 3115 642 3167 uefi-
694 3116 804 3168 denlalls
821 3116 847 3168 in
865 3115 923 3167 dem
941 3117 1006 3168 nach
1024 3132 1046 3171 o.
1065 3121 1097 3170 50
1116 3133 1207 3184 ausge-

133 3184 199 3247 leen,
217 3182 316 3235 welche
334 3183 389 3235 sich
406 3184 453 3236 aul
468 3184 513 3236 der
526 3184 642 3251 dortigen
693 3184 804 3236 selleneu
824 3183 928 3236 Sttioke.

132 3250 285 3317 Landzunge
311 3251 439 3304 befinden.
479 3252 521 3302 ‘Es
547 3255 641 3319 mogen
728 3255 751 3304 4.
780 3253 879 3303 hordeo
906 3254 1043 3317 adaugere
1069 3279 1103 3298 =
1126 3253 1205 3306 admi-

133 3319 188 3371 dies
206 3319 247 3370 die
258 3319 350 3370 beiden
363 3318 566 3386 Terrainpunlite
578 3320 641 3382 sein,
693 3320 788 3372 scendo
801 3335 902 3386 engere.
912 3350 946 3358 —
956 3322 1083 3372 tolerare:
1096 3337 1118 3373 c.
1128 3325 1169 3388 49,
1180 3326 1203 3374 3.

134 3403 175 3438 wo
189 3387 255 3438 noch
268 3387 389 3454 heutigen
402 3387 486 3453 Tages
497 3388 563 3438 zuei
575 3388 641 3439 nahe
729 3393 752 3442 5.
769 3393 954 3455 postquam—
968 3390 1115 3452 deficiebat.
1138 3389 1206 3442 Uber

133 3471 179 3507 vor
205 3455 250 3507 der
276 3454 349 3506 Stadt
380 3456 435 3508 sich
461 3454 641 3522 vereinigende
693 3456 739 3508 das
751 3456 893 3522 Imperfect.
912 3473 931 3510 s.
951 3474 982 3509 zu
995 3473 1016 3511 c.
1031 3461 1071 3522 60,
1085 3462 1154 3511 5.-
1173 3460 1205 3510 de

133 3523 247 3576 Stralsen
265 3525 329 3576 nach
347 3524 460 3576 Durazzo
478 3522 581 3586 ldhren,
599 3523 641 3575 dle
692 3528 848 3592 ereptione:
864 3541 886 3578 c.
905 3530 946 3591 57,
959 3529 983 3578 l.

133 3593 190 3645 eine
202 3592 315 3645 eusdem
325 3592 426 3644 Norden
438 3591 640 3644 vonAlessio—
725 3592 772 3648 59.
796 3599 819 3648 1.
843 3597 962 3660 equitum
979 3609 1090 3645 numero
1112 3595 1163 3645 wie
1181 3597 1205 3661 3,

132 3661 190 3713 dem
208 3661 277 3712 alten
289 3660 374 3713 Lissus
387 3689 419 3698 -
431 3659 473 3712 die
490 3661 583 3713 endere
595 3675 641 3712 eus
695 3663 751 3727 110,
764 3665 799 3724 4,
812 3661 840 3712 Β.
851 3661 879 3714 G.
899 3668 923 3727 5,
936 3664 976 3726 27,
989 3665 1016 3714 2:
1036 3678 1102 3728 quos
1113 3663 1205 3714 Adua-

132 3730 189 3781 dem
213 3729 301 3781 Sinden
327 3728 464 3781 hommend
490 3730 541 3781 und
567 3730 641 3795 lbngs
692 3733 741 3781 tici
758 3731 879 3783 obsidum
895 3747 1006 3782 numero
1024 3733 1118 3782 missos
1131 3732 1206 3798 apud

132 3798 177 3849 der
193 3797 274 3850 Kbste
292 3796 336 3848 hin
354 3798 417 3849 dher
434 3797 548 3864 Aulona,
566 3796 640 3863 Fieri,
691 3816 720 3849 re
736 3802 766 3850 tn
786 3801 915 3850 smuttute
938 3804 964 3849 et
981 3802 1082 3850 catenis
1106 3802 1204 3850 tenuab-

132 3865 215 3918 llerno
232 3865 284 3917 und
302 3865 398 3931 Kavaja
416 3866 538 3919 ziebend'.
565 3866 641 3919 Gdler
691 3872 756 3920 sent.
790 3867 848 3933 Vgl.
866 3883 897 3919 zu
916 3869 940 3933 2,
959 3870 1001 3932 44,
1020 3871 1042 3921 1.
1062 3897 1093 3907 -—
1112 3869 1204 3920 aeuum

131 3937 210 4000 pat.
237 3932 639 4002 Pompeiushattedielleilerei,
691 3939 785 3987 annis:
821 3935 847 3991 S.
866 3951 897 3987 zu
917 3937 993 3997 1,46,
1007 3940 1029 3988 l.
