2626 4416
166 218 226 280 160
555 223 597 275 ou
616 221 718 275 nunno
737 219 829 273 orum
906 286 909 291 Ι

129 407 144 456 5
166 397 374 460 existimabor?
409 396 490 457 Bello
512 397 643 476 perfecto
666 395 703 456 ah
719 395 754 457 iis
770 394 875 456 Caesar
896 395 970 454 haec
992 392 1068 453 iacta
1090 393 1243 471 cognorit,

166 483 217 562 qui
232 482 361 546 sermoni
383 482 593 542 interluerunt.
624 480 754 542 Conatus
768 487 866 540 tamen
891 477 1098 559 nihilominus
1116 485 1162 538 est
1177 476 1244 539 aliis

169 566 335 630 rationibus
350 564 416 650 [per
430 562 588 648 colloquia]
605 566 640 627 de
656 583 728 645 pace
744 583 838 644 agere.

250 648 308 716 19.
331 651 412 712 luter
426 651 496 712 bina
518 659 612 712 castra
626 650 748 730 Pompei
769 657 857 728 atque
872 646 1004 710 Caesaris
1019 665 1113 707 unum
1127 647 1243 708 llumen

164 746 280 798 tantum
291 738 433 798 intererat
444 737 549 816 Apsus,
565 736 729 814 crebraque
741 736 819 813 inter
829 753 861 796 se
872 733 1019 811 colloquia
1030 731 1138 793 milites
1148 732 1243 794 hahe-

164 822 246 897 hant,
262 841 358 900 neque
374 822 465 882 ullum
481 822 599 882 interim
614 821 707 882 telum
726 839 780 900 per
794 818 946 899 pactiones
960 817 1147 896 loquentium
1168 819 1243 879 trai-

129 915 143 967 2
165 905 308 969 ciebatur.
337 907 424 968 Mittit
444 907 476 966 P.
492 906 641 967 Vatinium
661 906 790 984 legatum
813 905 848 966 ad
869 903 964 982 ripam
986 904 1079 981 ipsam
1097 901 1242 979 fluminis

166 993 280 1071 quiea,
304 1009 378 1070 quae
399 992 524 1052 maxime
540 993 575 1052 ad
590 1009 693 1070 pacem
714 990 865 1071 pertinere
886 989 1071 1063 viderentur,
1095 995 1197 1067 ageret
1212 999 1243 1053 et

165 1077 271 1137 crebro
286 1094 392 1155 magna
412 1095 484 1137 uoce
505 1077 729 1155 pronuntiaret,
752 1075 894 1136 liceretne
916 1072 1027 1135 civibus
1046 1074 1082 1134 ad
1097 1073 1175 1134 ciues
1192 1070 1242 1156 [de

164 1179 237 1241 pace
253 1158 323 1244 duo]
338 1161 450 1240 legatos
464 1161 590 1235 mittere,
607 1162 686 1240 quod
702 1161 789 1221 etiam
803 1159 932 1239 lugitivis
947 1160 983 1220 ab
997 1158 1073 1219 saltu
1086 1158 1242 1239 Pyrenaeo

165 1247 425 1326 praedonibusque
440 1246 585 1321 licuisset,
607 1246 782 1326 praesertim
804 1263 872 1306 cum
894 1245 923 1305 id
946 1254 1082 1322 agerent,
1106 1261 1145 1304 ne
1161 1243 1243 1310 cives

129 1342 143 1390 3
166 1350 233 1392 cum
254 1331 366 1392 civibus
388 1332 476 1392 armis
502 1329 710 1392 decertarent?
731 1331 821 1392 Multa
847 1329 1023 1410 suppliciter
1046 1329 1162 1391 loeutus
1187 1340 1241 1408 est,

165 1424 198 1477 ut
213 1416 249 1476 de
264 1434 317 1477 sue
333 1423 420 1494 atque
436 1416 569 1477 omnium
586 1417 679 1478 salute
701 1416 841 1489 debehat,
862 1415 1040 1493 silentioque
1054 1414 1089 1474 ab
1104 1415 1242 1496 utrisque

165 1501 307 1562 militibus
317 1502 441 1562 auditus.
464 1501 651 1581 Responsum
662 1509 707 1563 est
717 1501 753 1561 ab
765 1500 855 1562 altera
865 1508 949 1578 parte
957 1501 1064 1561 Aulum
1076 1500 1243 1563 Varronem

165 1586 298 1666 profiteri
309 1605 340 1648 se
352 1586 442 1647 altera
455 1586 500 1647 die
512 1587 547 1646 ad
560 1586 740 1666 colloquium
751 1593 910 1647 venturum
921 1593 1009 1663 atque
1021 1585 1149 1645 eundem
1160 1586 1241 1648 visu-

166 1689 248 1745 rum,
272 1671 518 1751 quemadmodum
533 1679 597 1732 tuto
612 1671 699 1751 legati
714 1671 815 1732 venire
831 1678 860 1731 et
875 1687 950 1748 quae
965 1670 1074 1731 vellent
1089 1689 1241 1750 exponere

109 1806 111 1811 ·
200 1791 223 1840 5.
236 1786 310 1837 Bello
321 1785 441 1852 perfeeto
452 1791 586 1852 cognouit.
599 1786 674 1839 Diese
728 1786 772 1839 der
785 1787 883 1852 einzige
895 1786 932 1837 rt.
945 1785 1038 1852 Apsus,
1057 1788 1130 1837 sonst
1144 1785 1238 1839 nichts.

86 1855 89 1861 ’
166 1853 247 1934 Stelle
265 1854 357 1920 gehdrt
368 1871 400 1934 zu
413 1854 503 1920 denen,
521 1855 620 1908 welche
632 1855 676 1906 be·
728 1857 752 1937 l,
770 1857 811 1936 273
830 1858 861 1907 4:
884 1871 940 1905 una
957 1853 1039 1918 valle,
1061 1870 1115 1905 uon
1137 1869 1240 1938 megae
1305 1927 1310 1939 Ι

164 1922 676 2057 lalllullhl}alllhlll‘hlil
726 1922 924 2042 {militi
938 1921 1242 2042 htdhttt‘ttt

165 2057 293 2124 ahgefaist
310 2057 375 2109 sind.
394 2087 427 2096 -
446 2059 560 2110 Corrahu
579 2063 675 2111 tamen.
726 2061 864 2110 intererat.
886 2058 1000 2108 Tantum
1011 2057 1053 2109 bei
1065 2073 1136 2109 unus
1150 2057 1186 2110 ist
1197 2057 1241 2111 bei

165 2124 289 2191 Ohgleich
307 2126 383 2206 Cesar
408 2129 466 2205 eust⁸
483 2127 548 2178 nach
567 2126 675 2178 Beendi-
727 2127 804 2179 Cisar
821 2125 969 2179 euffellend.
1093 2191 1099 2205 ·
1177 2192 1183 2205 ·

165 2192 306 2326 ttttftss
323 2193 675 2327 ltttttttltrtt
726 2192 1240 2327 ddtttttttlhtttrtt

65 2354 73 2366 ·
164 2333 232 2379 wort
255 2327 301 2379 aui
317 2329 388 2380 seine
405 2328 562 2396 Vorschlige
584 2330 675 2381 erhielt
726 2330 817 2382 sendte
829 2329 1021 2394 hubenwollte‚
1033 2327 1239 2390 unddieWorte

165 2395 217 2447 und
229 2395 321 2449 durans
334 2397 379 2448 aul
389 2397 475 2463 wenig
486 2396 605 2465 Neigung
616 2413 674 2449 zum
727 2399 759 2449 de
766 2414 835 2465 pace
846 2398 952 2450 wdrden
965 2397 1011 2450 des
1020 2397 1240 2464 Folgendeprae-

164 2463 271 2516 Frieden
290 2465 331 2516 hei
345 2464 522 2530 denGeguern
538 2465 674 2518 schlielsen
725 2469 818 2518 sertim
841 2481 900 2518 eum
924 2495 958 2504 --
982 2467 1149 2517 decertarent
1170 2479 1239 2532 ganz

164 2531 266 2596 mulste,
284 2533 419 2585 uersuchte
437 2548 464 2585 er
481 2533 548 2585 doch
566 2550 589 2586 u.
607 2549 626 2586 e.
640 2549 674 2587 u.
726 2534 1005 2601 dherlldssigmachen.
1023 2533 1241 2599 Deshalhglauhe

164 2628 198 2637 -
216 2601 279 2651 eliis
293 2603 446 2653 rationibus
463 2605 520 2664 [per
532 2602 674 2668 colloquia]
726 2602 782 2666 ich,
806 2602 862 2654 deis
879 2603 906 2653 in
930 2601 975 2655 der
991 2601 1168 2666 Handschrilt,
1192 2616 1240 2656 aus

165 2669 196 2719 de
209 2684 278 2735 poce
290 2684 378 2734 agere.
404 2669 449 2721 Die
462 2669 551 2722 Worte
562 2687 611 2736 per
623 2670 674 2722 eol·
727 2669 839 2722 welches
856 2669 897 2722 die
909 2671 1030 2737 unsrigen
1045 2675 1181 2736 staminea,
1200 2673 1240 2726 als

165 2738 270 2801 loquio,
293 2737 335 2789 die
357 2753 417 2789 men
441 2737 511 2790 wohl
534 2739 605 2790 nicht
628 2739 674 2789 mit
726 2737 921 2804 lnheltsangahe
943 2752 984 2790 em
1006 2737 1093 2789 Raude
1118 2739 1150 2789 de
1171 2754 1241 2804 paee

164 2802 277 2856 Uurecht
294 2805 335 2857 ldr
352 2805 513 2925 interpellent
530 2805 592 2872 holt,
610 2805 675 2858 kon-
727 2807 780 2857 duo
800 2809 884 2872 legati
900 2805 1042 2873 geetenden
1059 2805 1104 2858 hat
1115 2806 1167 2858 und
1181 2806 1238 2862 deis

164 2887 214 2923 nen
225 2888 274 2924 nur
285 2888 314 2924 so
328 2874 401 2925 einen
434 2874 477 2924 iun
490 2873 583 2936 haben,
598 2889 674 2926 wenn
726 2873 833 2926 hiervon
859 2874 900 2926 die
923 2874 977 2926 drei
1000 2876 1085 2926 ersten
1102 2873 1194 2928 Worte
1211 2877 1239 2930 iu

163 2955 222 2992 man
241 2940 348 2993 erhl'irt:
367 2941 491 2993 nachdem
509 2942 550 2994 die
568 2941 675 2994 hisheri-
727 2942 776 2995 den
794 2941 860 2995 Text
884 2941 1036 3009 gehomnuen
1058 2941 1122 2994 sind.
1141 2971 1176 2980 —
1192 2943 1240 3006 fu-

164 3007 424 3076 genBestrebungeu,
437 3009 516 3061 durch
528 3009 674 3062 mundliche
724 3013 819 3077 gittuir
839 3013 872 3062 ab
890 3013 961 3076 cuttu
978 3011 1116 3079 Pyrenaeo
1135 3011 1239 3066 bezieht
1259 3070 1262 3076 ,

163 3075 346 3143 Vcrhandlung
368 3077 417 3129 den
441 3076 548 3130 Frieden
575 3078 674 3130 herhei-
727 3079 781 3130 sich
803 3079 849 3131 aul
865 3078 906 3131 die
924 3078 1061 3131 Uberreste
1086 3078 1131 3130 des
1150 3077 1240 3134 Serto·

162 3142 296 3209 zuluhren,
314 3145 462 3211 vergehlich
480 3161 575 3211 waren,
599 3147 675 3199 sucht
725 3147 869 3199 rianischen
881 3147 983 3211 Heercs,
1002 3146 1084 3198 denen
1097 3145 1237 3215 Pompeius

163 3224 190 3261 er
210 3210 277 3273 J'etzt
299 3211 345 3263 auf
367 3211 460 3264 andere
485 3213 571 3266 Weise
595 3213 675 3266 durch
726 3215 792 3267 nach
808 3213 955 3281 Besiegung
976 3214 1021 3267 des
1040 3213 1168 3268 Sertorius
1193 3219 1238 3280 (72

162 3275 674 3347 Unterredungen‚alscrfrdhergethan
727 3297 750 3334 v.
769 3283 836 3346 Chr.)
863 3282 906 3335 die
932 3281 1006 3334 Stedt
1028 3283 1148 3336 Conveni
1175 3286 1239 3338 oder

162 3345 246 3409 hatte,
272 3347 413 3414 colloquiis
436 3348 516 3399 aliter
533 3352 673 3414 imtitutie,
725 3349 876 3416 Lugdunum
894 3351 1070 3403 Convenarum
1088 3351 1115 3403 in
1130 3352 1239 3419 Aquita-

163 3428 221 3464 zum
238 3413 308 3466 Ziele
326 3432 358 3467 zu
381 3415 512 3480 hommen,
535 3416 620 3469 indam
639 3432 673 3480 er,
725 3418 784 3469 nien
808 3420 914 3472 uuwtes.
940 3447 975 3458 -
993 3421 1238 3488 praedonibusque,

163 3482 213 3533 wie
231 3481 317 3534 truher
335 3483 364 3547 in,
381 3481 493 3550 Spenien
510 3487 545 3550 (1,
558 3488 614 3550 74),
632 3485 674 3543 die
725 3484 774 3537 den
797 3501 848 3539 von
867 3486 1005 3558 Pompeius
1027 3488 1160 3553 besiegten
1182 3489 1239 3542 cili—

163 3548 318 3602 leindlichen
337 3550 458 3604 Soldaten
482 3551 565 3605 selbst
588 3553 615 3605 in
633 3553 674 3605 die
725 3554 827 3607 cischen
845 3553 1012 3621 Seeriuherm
1034 3558 1059 3623 2,
1076 3558 1117 3618 23,
1137 3559 1161 3622 3,
1183 3557 1238 3610 und

164 3615 349 3687 llerhandlung
360 3619 438 3672 nieht.
462 3619 508 3672 hls
520 3619 673 3688 Appositiou
725 3625 861 3688 3,104,3:
876 3626 1045 3691 praedonum
1063 3625 1167 3678 bellurn.

163 3685 258 3750 gefalst
275 3687 333 3740 sind
351 3687 392 3740 die
404 3687 495 3741 Worte
507 3693 603 3741 uundtz
621 3689 674 3742 und
759 3694 782 3744 3.
795 3696 876 3758 utque
886 3695 997 3746 eundem
1006 3698 1135 3756 uisurum,
1148 3709 1239 3761 quem·

162 3753 258 3821 salech,
283 3755 315 3808 du
339 3755 380 3809 die
403 3756 521 3809 truheren
543 3757 674 3810 Verhend-
724 3759 1237 3829 edruoduru:derselhewerdezuseheu,

162 3821 258 3889 lungen
276 3825 341 3877 auch
359 3825 492 3891 colloquia
510 3840 604 3879 waren.
725 3827 805 3894 Serge
816 3832 912 3896 tragon,
924 3829 1236 3897 essichangelegensein

195 3890 238 3946 19.
260 3896 281 3946 1.
304 3892 388 3946 ornum
404 3896 502 3958 nurnero
521 3893 608 3962 Apeur
625 3911 673 3948 nur
724 3893 873 3950 lessenus.
884 3913 917 3952 w.
935 3898 993 3966 Vgl.
1006 3899 1057 3954 Cic.
1071 3898 1103 3951 de
1115 3902 1236 3966 or.2,86,
