2626 4416
174 233 237 294 236
572 237 613 290 llll
631 237 733 291 cumo
751 236 844 290 GlVlLl

175 418 381 498 linquebatur,
403 428 437 480 nt
451 437 483 480 se
498 417 559 479 suis
574 418 646 479 locis
661 417 771 498 oppido
786 425 904 478 teneret
918 417 1135 496 consiliumque
1149 417 1255 479 Achil·

138 515 152 564 3
173 506 219 567 lae·
230 515 435 585 cognosceret.
461 503 568 564 Milites
578 511 677 563 tamen
695 520 799 564 omnes
814 503 845 563 in
858 502 946 564 armis
957 522 1022 564 esse
1037 503 1257 583 iussitregem·

177 611 234 671 que
255 593 390 653 hortatus
406 598 464 663 est,
479 597 513 649 ut
527 607 563 649 ex
579 588 640 649 suis
663 586 854 662 necessariis,
877 607 952 667 quos
966 587 1089 649 haberet
1103 588 1253 650 maximae

175 677 374 751 auctoritatis,
389 677 501 754 legatos
517 674 552 734 ad
568 673 711 733 Achillam
725 673 857 734 mitteret
872 681 916 748 et,
933 673 1004 751 quid
1019 682 1096 735 esset
1110 692 1183 736 suae
1199 694 1254 736 vo·

136 776 151 825 4
173 761 309 836 luntatis,
332 760 510 822 ostenderet.
546 758 570 818 A
592 777 652 837 quo
667 759 747 820 missi
762 758 950 819 Dioscorides
971 767 1001 819 et
1015 759 1178 837 Serapion,
1199 760 1253 839 qui

175 847 262 909 ambo
273 846 361 925 legati
371 844 482 916 Romae
490 845 609 905 lucrant
618 862 814 922 magnamque
829 844 907 924 apud
922 852 1036 923 patrem
1046 844 1253 906 Ptolomaeum

137 945 152 994 5
173 933 379 994 auctoritatem
389 931 564 1002 habuerant,
577 930 611 989 ad
624 928 766 989 Achillam
777 937 988 1009 pervenerunt.
1015 929 1098 1001 Quos
1109 929 1169 1003 ille,
1181 949 1253 992 oum

175 1021 414 1098 inconspectum
431 1016 494 1077 eius
508 1014 671 1084 venissent,
694 1013 866 1094 priusquam
889 1015 1003 1075 audiret
1017 1023 1083 1089 aut,
1105 1014 1192 1076 ouius
1206 1015 1252 1077 rei

176 1123 264 1166 eausa
287 1103 367 1164 missi
390 1109 504 1175 essent,
526 1108 736 1178 cognosceret,
759 1100 978 1180 corripiatque
1001 1100 1128 1161 interfici
1149 1101 1253 1176 iussit;

176 1208 305 1270 quornm
315 1189 389 1249 alter
400 1195 521 1266 accepto
536 1185 660 1245 vulnere
671 1193 834 1265 occupatus
845 1203 899 1264 per
910 1204 980 1246 suos
995 1203 1051 1265 pro
1064 1185 1163 1247 occiso
1178 1186 1252 1247 sub·

137 1287 152 1336 6
173 1275 257 1349 latus,
273 1274 347 1334 alter
361 1272 536 1333 interfectus
551 1278 604 1331 est.
644 1269 711 1340 Quo
732 1271 810 1331 facto
825 1289 927 1349 regem
941 1278 975 1330 ut
989 1270 1020 1330 in
1035 1290 1089 1332 sua
1103 1278 1254 1350 potestate

175 1359 307 1432 haberet,
323 1358 429 1419 Caesar
443 1357 543 1430 4111411,
558 1373 695 1435 magnam
710 1356 826 1435 regium
842 1375 952 1417 nomen
968 1356 1046 1436 apud
1061 1374 1132 1417 suos
1147 1364 1252 1430 auoto-

175 1445 292 1504 ritatem
303 1443 412 1503 habore
428 1441 596 1503 existimans
608 1450 637 1502 et
652 1450 685 1502 ut
698 1442 799 1522 potius
813 1441 927 1521 privato
939 1459 1104 1522 paucorum
1119 1449 1149 1504 et
1159 1441 1253 1502 latro-

176 1548 249 1589 num
265 1547 353 1607 quam
368 1527 450 1607 regio
466 1526 590 1588 consilio
606 1535 777 1606 susceptum
791 1527 901 1588 bellum
916 1527 1073 1588 videretur.

261 1610 342 1678 110.
365 1613 460 1673 Erant
481 1630 549 1671 oum
564 1612 675 1672 Achilla
697 1613 810 1691 copiae,
833 1621 866 1673 ut
888 1630 986 1691 neque
1009 1631 1136 1673 numero
1152 1630 1253 1691 neque

176 1717 287 1779 genere
303 1699 456 1759 hominum
468 1715 567 1775 neque
582 1715 638 1758 usu
652 1697 696 1758 rei
711 1697 846 1759 militaris
860 1697 1098 1758 contemnendae
1113 1697 1252 1758 videren-

136 1795 153 1845 1
174 1795 231 1845 tur.
262 1783 340 1844 llilia
355 1783 434 1843 enim
450 1801 488 1842 xx
502 1783 534 1842 in
549 1782 639 1843 armis
652 1781 788 1843 habebat.
818 1783 899 1843 llaec
920 1783 1095 1844 constabant
1111 1801 1148 1843 ex
1163 1781 1253 1843 Gabi·

176 1868 274 1930 nianis
295 1867 447 1942 militibus,
469 1868 520 1946 qui
542 1868 599 1928 iam
621 1868 652 1928 in
676 1868 924 1930 consuetudinem
939 1867 1156 1929 Alexandrinae
1176 1867 1254 1928 ritae

175 1973 210 2015 ac
231 1954 367 2014 licentiae
387 1961 531 2014 venerant
551 1960 580 2012 et
601 1971 710 2014 nomen
733 1953 980 2032 disciplinamque
1001 1952 1104 2033 populi
1124 1953 1253 2014 Romani

176 2039 377 2100 dedidicerant
384 2055 553 2115 uxoresque
564 2039 719 2113 duxerant,
732 2056 765 2099 ex
779 2038 1028 2118 quibusplerique
1039 2037 1150 2100 liberos
1161 2038 1253 2099 habe·

138 2135 152 2184 3
175 2123 257 2184 bant.
287 2123 353 2183 Huc
368 2122 549 2184 accedebant
564 2123 680 2183 collecti
695 2141 731 2184 ex
745 2123 947 2202 praedonibus
958 2123 1186 2202 latronibusque
1197 2124 1253 2204 Sy-

137 2221 152 2270 4
173 2209 234 2268 riae
246 2207 422 2285 Ciliciaeque
432 2207 602 2286 provinciae
613 2207 865 2287 finitimarumque
876 2209 1042 2289 regionum.
1070 2208 1155 2269 Multi
1167 2226 1254 2288 prae-

176 2303 257 2353 terea
272 2292 376 2370 eapitis
397 2293 526 2353 damnati
541 2292 701 2370 exulesque
722 2302 939 2370 convenerant3
962 2294 1090 2374 fugitivis
1113 2293 1254 2354 omnibus

211 2428 236 2477 1,
252 2428 309 2476 auia
326 2426 404 2476 loeis:
422 2440 443 2476 c.
457 2427 498 2490 84,
515 2427 545 2486 2;
564 2427 606 2490 44,
619 2427 642 2476 6.
656 2453 688 2462 -
740 2425 790 2477 den
801 2424 885 2492 Konig
896 2426 939 2478 bei
952 2427 1007 2479 sich
1019 2427 1100 2494 hatte,
1116 2427 1195 2480 sollte
1208 2427 1253 2479 der

176 2510 204 2543 ae
222 2493 320 2559 oppido
339 2497 454 2544 tetemet:
475 2496 497 2558 1,
514 2495 556 2557 66,
569 2496 598 2554 2;
617 2493 645 2544 Β.
659 2492 688 2546 G.
739 2492 817 2559 llrieg
834 2511 882 2546 nur
893 2495 932 2547 als
945 2495 986 2546 ein
1000 2494 1077 2548 Werk
1091 2496 1137 2548 des
1150 2496 1253 2548 aulrdh-

179 2564 297 2627 1,49,1;
316 2565 340 2624 3,
355 2565 393 2625 11,
407 2565 430 2616 b.
738 2561 868 2614 rerischen
885 2562 980 2615 lleeres
997 2564 1159 2628 erecheinen,
1186 2564 1253 2616 ohne

211 2632 234 2682 3.
275 2631 327 2681 aid
352 2635 417 2681 assat
442 2645 507 2680 maa
533 2629 688 2681 voluntatis.
738 2629 903 2697 Beteiligung
920 2631 965 2683 des
984 2631 1093 2698 llbnigs,
1112 2647 1168 2684 was
1185 2632 1251 2684 nach

175 2697 234 2764 Vgl.
251 2647 280 2750 g.
295 2697 323 2751 6.
344 2701 420 2763 1,11,
434 2701 463 2749 2:
483 2699 551 2765 qaid
565 2701 610 2748 aaa·
627 2714 689 2749 coa·
739 2698 1005 2764 seinerhleinungaal
1012 2699 1184 2752 dasVolkbei
1195 2700 1252 2753 dem

151 2780 155 2785 ·
175 2765 292 2819 41111411.
318 2765 367 2818 Der
385 2765 486 2819 Genitiv
503 2766 538 2818 141
555 2781 606 2818 von
625 2783 687 2831 asae,
739 2767 868 2832 Ausehen,
877 2767 1162 2834 indemdaslldnigtum
1169 2768 1251 2833 stand,

175 2834 247 2887 nicht
263 2850 315 2888 von
333 2835 399 2900 qaid
415 2834 551 2900 abhingig.
738 2835 838 2888 wirken
850 2836 952 2888 mulste.
961 2862 994 2873 -
1005 2838 1165 2888 44414ιί44444
1176 2841 1204 2887 et
1213 2841 1252 2901 at,

209 2908 233 2955 5.
258 2907 403 2970 occupatas
421 2918 474 2967 per
489 2918 565 2953 aava:
589 2901 687 2954 schaell
739 2904 799 2955 weil
812 2919 839 2955 er
851 2904 956 2970 glaubte
969 2903 1022 2956 und
1034 2904 1125 2965 damit;
1145 2905 1254 2956 (1141441-

176 2971 303 3037 ergrillen,
317 2970 409 3023 sobald
421 2985 448 3022 er
459 2969 611 3022 verwundet
622 2986 689 3022 wor·
739 2971 787 3023 den
801 2971 910 3036 Grande,
927 2971 1026 3024 welche
1039 2972 1250 3026 G.besti1nmten.

175 3038 224 3090 den
243 3055 309 3103 war,
333 3054 376 3090 um
394 3039 439 3090 ihu
456 3039 524 3090 noch
547 3055 578 3090 nu
595 3041 686 3102 retten,
772 3039 832 3094 110.
862 3044 883 3092 1.
907 3041 998 3092 Erant
1013 3045 1118 3106 copiae,
1140 3046 1173 3092 at
1193 3041 1217 3094 d.
1235 3041 1253 3092 1.

174 3107 247 3159 nicht
264 3108 382 3158 ‘calama
399 3111 556 3173 occupatae,
573 3107 622 3159 mit
637 3107 687 3159 sei·
738 3108 783 3160 der
800 3109 855 3174 Art,
878 3108 933 3160 dals
950 3137 996 3172 —,
1017 3111 1040 3173 1,
1055 3112 1098 3175 44,
1118 3112 1146 3161 1:
1165 3123 1252 3174 genae

176 3188 221 3226 uer
240 3174 338 3227 Wunde
355 3174 523 3241 beschiftigt‚
546 3175 627 3227 durch
649 3176 686 3226 414
737 3181 798 3228 erat
813 3193 930 3243 pugnae,
948 3182 980 3227 at
997 3206 1039 3228 —.

175 3242 330 3306 verbindert,
349 3243 404 3294 sich
422 3259 453 3294 zu
471 3242 646 3309 verteidigen’.
774 3247 797 3296 2.
818 3244 976 3296 Gabinianis
992 3245 1137 3296 militibus:
1155 3259 1177 3296 c.
1195 3246 1252 3309 163,

212 3314 236 3363 6.
262 3325 352 3375 regem
375 3315 407 3361 at
428 3313 458 3360 in
484 3327 535 3361 aaa
555 3315 689 3377 potestate
741 3312 826 3364 bnud
839 3328 860 3365 c.
873 3317 934 3376 4,4.
952 3343 986 3352 -
1003 3315 1253 3379 amoresquedaae·

176 3381 292 3442 habaet,
310 3377 402 3441 efficit.
433 3379 466 3429 Er
479 3379 551 3430 hatte
568 3379 612 3430 ihu
630 3379 688 3441 (mit
739 3385 811 3441 rant,
830 3381 940 3433 naimlich
953 3383 1012 3448 Aeg
1027 3385 1111 3449 ptiar,
1128 3380 1252 3434 wodurch

176 3447 234 3499 dem
246 3445 381 3509 Pothinus)
395 3446 436 3498 bel
450 3446 504 3498 sich
516 3447 542 3498 in
554 3446 599 3498 der
610 3446 687 3512 Burg,
740 3447 778 3500 sie
803 3448 886 3514 vollig
911 3450 979 3501 ihrer
1024 3450 1171 3502 ationalilit
1198 3453 1253 3501 ent·

175 3514 227 3567 nud
253 3514 311 3566 11414
343 3514 399 3574 ihu,
431 3529 507 3566 wenn
536 3515 602 3566 auch
630 3515 688 3566 dem
739 3515 985 3580 lremdetwnrden3
1004 3519 1071 3570 denn
1089 3519 1145 3570 dies
1164 3520 1252 3579 14144,

175 3583 273 3635 Namen
290 3582 355 3634 nach
367 3582 415 3633 lrei
431 3582 483 3633 und
495 3583 543 3634 mit
555 3583 618 3635 aller
629 3583 687 3635 dem
739 3599 794 3636 was
812 3586 867 3637 hier
885 3585 961 3638 (11444
979 3602 1010 3638 au
1028 3586 1096 3638 ihrer
1113 3585 1253 3638 Charahte-

174 3650 259 3718 llonig
281 3649 463 3718 gebdhrenden
481 3649 622 3704 Rdcksicht
643 3652 687 3704 be·
738 3653 815 3706 ristlk
826 3653 937 3717 anlubrt,
955 3654 1033 3719 nicht,
1052 3654 1108 3707 dass
1126 3655 1252 3706 414141444-

174 3719 293 3783 handelt,
316 3734 398 3786 genau
417 3718 573 3785 bewachen,
597 3722 689 3772 obside
738 3721 819 3790 haupt
850 3723 892 3774 ‘im
919 3721 1000 3788 Lager
1027 3721 1080 3774 und
1111 3723 1147 3774 im
1174 3721 1253 3774 Felde

175 3805 227 3854 qao
246 3790 326 3855 pacta
344 3787 450 3839 Pellaea
475 3792 600 3840 tatastat
622 3789 687 3841 aula
738 3789 843 3844 Weiber
855 3806 1006 3857 genommen
1020 3790 1116 3855 hatten,
1130 3805 1186 3843 was
1197 3805 1254 3841 ver-

177 3856 275 3908 Caesar
286 3862 347 3907 arat
357 3855 450 3908 Lucan.
465 3859 505 3921 10,
515 3861 556 3911 55.
568 3887 603 3894 -
615 3860 689 3923 apacd
738 3859 817 3912 boten
835 3863 903 3912 war'.

175 3940 251 3976 suos:
274 3925 427 3993 Aegyptios.
445 3924 571 3991 lladureh,
589 3926 687 3979 (141444
772 3931 797 3982 4.
821 3926 962 3993 fugitivis:
985 3927 1110 3993 fldchtige
1128 3925 1252 3980 Sklaren.
