2626 4416
160 258 221 321 126
555 261 597 313 llll
615 261 717 315 BELLO
735 259 827 315 ellum

129 449 131 453 '
245 432 303 502 26.
326 437 379 499 His
400 435 490 498 rebus
505 435 596 514 gestis
611 435 699 497 Curio
715 454 747 498 se
762 435 793 496 in
817 444 912 498 castra
927 437 962 498 ad
978 437 1138 517 Bagradam
1153 438 1232 499 reci·

159 525 204 604 pit
219 531 307 601 atque
329 521 457 582 universi
473 521 620 583 exercitus
634 520 867 582 conclamatione
882 522 1044 601 imperator
1065 523 1232 602 appellatur

158 617 337 688 posteroque
352 605 400 666 die
415 606 575 667 exereitum
591 606 705 667 Uticam
719 605 801 668 ducit
816 615 845 667 et
858 625 952 686 prope
975 608 1116 687 oppidum
1135 615 1233 670 castra

122 699 137 750 2
159 693 254 772 ponit.
269 691 408 753 Nondum
419 709 509 770 opere
521 699 687 752 castrorum
697 692 829 771 perlecto
842 691 957 770 equites
968 711 1003 753 ex
1015 693 1140 754 statione
1152 712 1233 755 nun-

159 779 234 839 tiant
254 795 361 857 magna
382 776 489 837 auxilia
510 776 643 855 equiturn
665 776 856 856 peditumque
871 776 909 837 ab
923 796 994 857 rege
1014 778 1102 840 missa
1117 778 1234 840 Uticam

158 861 276 938 venire;
299 862 464 941 eodemque
484 870 618 940 tempore
639 860 683 923 vis
704 879 811 948 magna
832 862 961 941 pulveris
984 863 1180 938 cernebatur,
1202 872 1234 923 ct
1303 933 1305 939 .

121 947 279 1027 evestigio
301 945 444 1026 temporis
465 946 594 1026 primum
615 964 721 1026 agmen
743 946 859 1008 eratin
888 956 1060 1027 conspectu.
1098 948 1233 1010 Novitate

158 1033 202 1094 rei
225 1031 313 1094 Curio
339 1039 491 1113 permotus
515 1030 678 1110 praemittit
702 1031 832 1110 equites,
860 1033 911 1111 qui
936 1033 1065 1112 primurn
1088 1033 1233 1112 impetum

119 1115 1231 1280 3111111111111113311111111311111·

159 1305 246 1366 quam
260 1287 349 1367 plane
363 1286 496 1366 legiones
510 1286 649 1365 exphcari
665 1294 694 1347 et
709 1286 871 1348 consistere
886 1222 1024 1365 lassent,
1047 1250 1110 1349 tota,
1124 1223 1232 1349 alitilia

157 1373 235 1453 regis
250 1371 390 1452 impedita
404 1391 438 1434 ac
452 1370 638 1452 perturbata,
662 1373 741 1450 quod
756 1372 838 1434 nullo
860 1373 965 1434 ordine
987 1381 1017 1434 ct
1037 1373 1103 1434 sinc
1124 1374 1232 1434 timore

156 1459 213 1520 iter
227 1458 367 1531 fecerant,
383 1457 414 1519 in
426 1458 526 1537 fugam
540 1456 694 1518 coniciunt
707 1458 899 1537 equitatuque
911 1458 993 1519 omni
1003 1459 1066 1519 fere
1077 1458 1230 1533 incolumi,

157 1544 237 1622 quod
247 1561 280 1604 se
291 1561 345 1624 per
355 1541 441 1603 htora
455 1542 593 1604 celeriter
604 1541 635 1603 in
649 1542 789 1623 oppidum
805 1544 933 1622 recepit.
942 1562 1083 1623 magnum
1097 1543 1232 1622 peditum

158 1645 316 1689 numerum
330 1627 522 1689 interficiunt.

241 1709 299 1777 27.
323 1712 461 1773 Proxima
483 1720 571 1773 nocte
593 1711 783 1773 centuriones
796 1711 884 1773 ldarsi
907 1713 966 1773 duo
989 1730 1025 1773 ex
1047 1713 1150 1774 castris
1172 1712 1231 1774 Cu·

156 1798 249 1860 monis
264 1816 332 1860 oum
348 1797 581 1878 manipularibus
595 1797 657 1859 suis
671 1816 730 1858 xxu
744 1797 781 1857 ad
796 1797 908 1858 Attium
923 1797 1032 1858 Varum
1046 1797 1230 1878 perfugiunt.

119 1892 134 1942 1
155 1884 208 1961 lli,
224 1883 283 1945 sive
298 1901 365 1944 vere
381 1901 469 1962 quam
484 1882 649 1945 habuerant
665 1881 836 1962 opinionem
851 1883 888 1943 ad
903 1901 971 1943 eum
985 1883 1153 1962 perferunt,
1168 1883 1231 1944 sive

156 1969 244 2031 etiam
259 1969 379 2030 auribus
395 1967 461 2029 Vari
479 1968 612 2029 serviunt
627 1972 708 2040 (nam
723 1985 798 2047 quae
812 1966 960 2041 volumus,
984 1976 1014 2028 ct
1031 1966 1179 2028 credimus
1193 1967 1241 2027 1i-'

155 2053 271 2128 beuter,
287 2062 316 2113 et
328 2071 403 2132 quae
417 2052 562 2115 sentimus
576 2052 642 2132 ipsi,
656 2052 788 2131 rquuos
802 2051 914 2114 sentire
928 2057 1102 2132 speramus),
1118 2053 1230 2113 contir-

155 2172 256 2221 rioterc.
290 2169 449 2235 11113113,
463 2171 492 2221 8:
510 2171 540 2218 in
557 2171 666 2220 ancoris
716 2171 771 2218 ricc
793 2196 826 2205 -
843 2171 899 2219 eice
921 2167 1063 2234 begnindct
1085 2167 1138 2219 und
1159 2183 1230 2219 zwar

154 2239 235 2288 stetit.
412 2285 414 2288 ,
716 2235 742 2287 in
755 2235 935 2300 umgelrebrter
945 2235 1080 2301 Ordnung:
1092 2250 1121 2287 es
1130 2234 1229 2288 honnte

187 2302 472 2370 231.1πιροναίοναρ
492 2305 598 2356 elbztur.
616 2303 665 2356 Zur
715 2303 788 2354 recht
806 2308 852 2369 gut
868 2304 931 2368 sein,
950 2303 1005 2356 alais
1017 2303 1062 2356 das
1074 2303 1129 2355 ihre
1141 2304 1229 2356 wahrc

153 2372 210 2424 Zeit
219 2369 399 2437 derRepubllh
408 2386 463 2423 wur
482 2372 572 2423 enach
581 2372 665 2424 einem
716 2369 838 2437 bleinung
861 2387 931 2434 war,
958 2371 1025 2424 denn
1048 2387 1100 2424 von
1123 2386 1230 2424 unserer

154 2437 665 2572 11111111.111111311111
716 2437 1229 2574 11111111111131113

154 2575 249 2642 grdlst;
276 2575 361 2627 dieser.
381 2573 449 2626 Titel
473 2576 561 2627 wurde
588 2575 664 2641 (lanu,
715 2575 853 2627 aberauch
871 2576 935 2639 sein,
953 2574 1008 2628 dals
1025 2574 1133 2629 sicdem
1145 2575 1229 2628 Varus

154 2659 184 2696 so
205 2645 281 2711 lange
305 2643 351 2694 des
368 2641 527 2695 Kommando
550 2643 663 2709 deuerte,
715 2655 773 2694 zum
795 2641 889 2696 blundc
913 2643 991 2696 reden
1014 2644 1135 2704 wollten,
1160 2643 1228 2695 denn

153 2711 211 2764 dem
223 2711 321 2764 Nomen
338 2711 511 2776 nachgesetat.
546 2711 665 2764 Nachher
715 2711 955 2779 manglaubtgem,
968 2711 1227 2764 wasmanwfiuscbt.

153 2779 241 2832 warde
259 2795 286 2832 cr
308 2778 350 2832 cin
371 2778 507 2831 stehendcr
523 2779 664 2832 llhrentitcl
714 2778 744 2831 B.
757 2779 785 2832 G.
801 2783 825 2843 3,
846 2783 885 2844 18,
903 2783 933 2832 6:
951 2780 1024 2846 quod
1039 2779 1097 2841 fere
1115 2781 1228 2830 libenter

153 2847 198 2900 der
214 2847 304 2901 Kaiser
326 2847 379 2899 und
400 2847 440 2898 als
458 2847 559 2900 solchcr
575 2847 664 2900 wurde
715 2849 834 2912 bmninea
845 2848 881 2910 id,
899 2849 973 2914 qaod
987 2849 1089 2910 volant,
1107 2848 1228 2900 credunt.

153 2930 180 2967 cr
198 2915 256 2968 dein
273 2916 372 2968 Numen
389 2919 544 2981 vorgcsetzt.
715 2913 840 2982 Ubrlgcns
864 2916 899 2967 ist
920 2920 948 2966 et
963 2931 1010 2968 ror
1032 2917 1163 2967 credimus
1181 2917 1227 2966 lib.

187 2986 211 3036 2.
229 2984 335 3037 weida
347 2986 466 3050 equitum
473 2984 664 3051 peditumque.-
715 2983 786 3035 nicht
803 3008 837 3028 =
855 2985 949 3048 eham,
974 2985 1026 3036 wie
1044 2998 1071 3035 es
1090 2983 1166 3035 Gdsar
1183 2982 1226 3035 nie

156 3055 177 3116 l,
195 3055 237 3117 m,
255 3054 270 3105 3
288 3051 340 3104 und
356 3046 399 3116 ¹60,
418 3055 442 3104 5.
662 3080 665 3085 ·
714 3051 829 3117 braucbt,
848 3051 958 3104 sondern
975 3052 1033 3104 dem
1051 3050 1189 3118 folgenden
1201 3055 1228 3100 et

186 3122 211 3172 4.
226 3135 278 3185 per
294 3121 389 3171 litora:
407 3134 440 3172 au
456 3119 502 3172 der
512 3119 593 3171 Kiste
605 3119 662 3181 hin;
714 3118 969 3186 horrespondicrend.
1011 3118 1073 3172 llem
1097 3119 1166 3171 steht
1184 3118 1226 3170 die

152 3186 197 3238 der
214 3185 300 3238 Plural
318 3203 369 3239 von
387 3186 433 3239 der
449 3186 529 3240 Ktiste
551 3189 578 3239 in
595 3187 663 3239 ihrer
715 3186 833 3253 Stellung
858 3202 909 3239 von
936 3191 963 3237 et
988 3187 1058 3239 nicht
1085 3190 1225 3253 entgegcn3

151 3253 340 3320 husdehnung,
364 3255 416 3308 wie
439 3255 478 3308 oft
495 3255 560 3308 auch
577 3259 606 3307 ri
622 3272 662 3307 ae.
714 3254 782 3306 denn
799 3255 826 3306 in
843 3253 1016 3307 horrelativcn
1029 3254 1122 3307 Sdlzcn
1135 3255 1181 3306 mit
1199 3258 1227 3304 et

185 3320 389 3376 1111113.-
410 3322 587 3387 1,15‚7.llic
625 3339 665 3374 ar-
714 3351 747 3361 -
766 3327 800 3387 et,
817 3327 915 3373 1111-
933 3327 984 3374 aut
1000 3338 1102 3378 u.s.w.
1120 3321 1225 3375 werden

152 3405 193 3442 ser
209 3391 296 3442 hatten
316 3390 371 3442 sich
388 3390 468 3442 schon
485 3391 512 3442 in
524 3389 663 3443 Corfinium
714 3391 784 3442 nicht
796 3390 879 3442 selten
891 3389 1002 3456 Wiener,
1021 3390 1062 3443 die
1075 3407 1123 3443 nur
1141 3391 1225 3443 cinern

151 3474 198 3510 nur
215 3459 262 3510 mit
279 3457 470 3510 Widerstreben
488 3460 612 3526 ergeben:
639 3463 662 3525 1,
714 3457 758 3511 der
775 3457 868 3510 beiden
880 3457 982 3512 Gliedcr
1000 3460 1152 3526 angchdrem
1171 3458 1226 3509 bei-

150 3530 191 3590 20,
207 3529 230 3580 3.
248 3555 282 3567 -
300 3542 361 3578 cum
378 3528 591 3593 manipularibus
607 3530 663 3579 nair
714 3526 764 3579 den
788 3531 968 3594 vorangesetal
993 3528 1046 3580 und
1071 3525 1225 3593 umgelrchrt

149 3594 239 3647 XXII:
259 3599 282 3660 1,
303 3597 343 3660 19,
361 3597 386 3649 2.
713 3594 823 3660 Wdrter,
842 3594 883 3647 dic
900 3595 993 3648 beiden
1011 3595 1129 3648 Gliedem
1147 3608 1225 3660 ange·

184 3665 209 3716 3.
222 3679 303 3729 quam
314 3665 465 3716 tacueram
475 3661 662 3726 (nichtlurbue-
712 3663 800 3726 boren,
819 3663 846 3715 in
864 3663 918 3716 eins
930 3663 1064 3717 dersclben
1082 3662 1223 3728 eingehigt

149 3734 229 3794 rintl:
248 3731 289 3784 die
306 3733 344 3785 sie
361 3731 442 3785 sebon
458 3730 550 3783 vorber
566 3731 662 3798 gehabt
714 3731 749 3785 So
767 3731 836 3784 steht
854 3737 881 3783 et
895 3735 927 3782 ut
951 3734 1013 3784 statt
1030 3735 1062 3782 ut
1077 3736 1104 3781 et
1121 3730 1172 3784 Gic.
1190 3729 1224 3781 ad

149 3798 239 3851 hatten
255 3799 309 3852 und
326 3815 378 3853 nun
395 3798 535 3853 bericbten.
552 3827 586 3838 --
598 3814 662 3851 nam
712 3799 766 3852 Act
785 3802 809 3866 3,
821 3803 845 3865 6,
863 3817 897 3850 ne
914 3804 941 3850 et
957 3803 1021 3851 statt
1039 3803 1066 3848 et
1080 3815 1113 3850 ne
1131 3796 1225 3851 ebend.

150 3882 218 3932 quoe
235 3869 559 3935 voutam-speramus.
589 3867 661 3919 llier·
714 3871 737 3931 1,
757 3871 802 3932 10,
826 3868 863 3919 ad
880 3872 905 3918 tc
926 3871 976 3919 aut
992 3870 1054 3918 stult
1075 3871 1125 3919 aut
1145 3867 1182 3918 ad
1199 3870 1225 3916 to

150 3933 229 3987 durch
241 3936 306 3989 wird
322 3936 367 3990 der
379 3935 587 4003 vorhergehcndc
599 3935 660 3988 Satn
713 3935 804 3988 ebcnd.
816 3938 841 4002 2,
855 3939 895 4003 19,
907 3938 931 3999 1,
948 3937 973 3986 si
990 3940 1040 3986 aot
1055 3937 1118 3987 stett
1134 3938 1185 3987 acet
1199 3936 1225 3984 ra·
