2626 4416
510 233 538 299 it
556 249 666 300 u-m.
1068 244 1125 306 141

59 425 167 486 missus
188 441 205 483 a
227 421 356 483 Saburra
382 421 539 500 equitatus.
576 419 652 481 'lum
673 438 742 481 vero
765 420 801 480 ad
826 437 971 481 summam
992 420 1167 499 despera-2

59 510 172 570 tionem
195 506 288 568 nostri
308 506 488 585 perveniunt
509 514 538 566 et
551 506 659 584 partim
672 504 821 585 fugientes
835 504 872 564 ab
887 505 1019 584 equitatu
1037 505 1131 566 inter-

60 594 215 668 ficiuntur,
237 591 344 672 partim
366 590 475 669 integri
496 589 707 669 procumbunt.
742 589 886 650 Hortatur
902 589 1061 651 Curionem
1077 589 1130 651 Cn.
1152 603 1167 652 t

59 677 218 752 Domitius,
244 678 412 756 praefectus
435 675 583 753 equitum,
609 693 677 735 cnm
702 674 804 754 paucis
829 674 977 753 equitibus
1002 675 1129 736 circum-

57 763 173 838 sistens,
188 763 306 841 utlaga
320 761 444 831 salutem
458 768 540 838 petat
554 768 643 838 atque
657 759 688 820 in
704 767 799 820 castra
813 759 988 833 contendat,
1004 767 1033 821 et
1047 778 1078 821 se
1093 759 1129 820 ab

58 867 93 910 eo
115 867 177 909 non
200 847 398 908 discessurum
421 844 588 924 pollicetur.
624 845 662 904 At
677 843 764 905 Curio
788 861 949 921 numquam
971 863 1002 905 se
1024 844 1167 905 amissos

58 932 200 1006 exercitu,
216 949 304 1010 quem
317 949 334 990 a
346 930 468 992 Caesare
483 930 551 990 fidei
562 928 751 990 commissum
765 929 923 1008 acceperit,
938 929 969 989 in
981 929 1045 990 eius
1056 948 1129 990 con-

57 1025 194 1097 spectum
216 1033 405 1078 reversurum
426 1015 582 1075 confirmat
602 1021 691 1092 atque
712 1014 751 1074 ita
773 1013 921 1093 proelians
943 1013 1130 1075 interficitur.

58 1102 182 1180 Equites
197 1119 232 1161 ex
246 1101 361 1180 proelio
376 1098 517 1179 perpauci
531 1119 562 1161 se
575 1098 740 1177 recipiunt;
754 1101 806 1160 sed
821 1098 850 1174 ii,
866 1117 942 1177 quos
956 1099 991 1160 ad
1008 1098 1131 1159 novissi·
1153 1109 1167 1158 5
1187 1152 1191 1159 .

58 1205 140 1247 mum
162 1205 268 1265 agmen
290 1203 433 1263 equorum
457 1184 685 1257 reficiendorum
707 1202 793 1245 cansa
816 1183 983 1246 substitisse
1007 1184 1131 1244 demon·

58 1279 181 1332 stratum
197 1279 256 1344 est,
279 1271 348 1349 fuga
362 1270 453 1331 totius
469 1269 614 1330 exercitus
628 1269 736 1348 procul
749 1269 950 1330 animadversa
966 1287 1032 1331 sese
1046 1269 1131 1330 inco-

58 1356 152 1416 lumes
164 1355 194 1415 in
207 1364 300 1416 castra
317 1355 485 1415 conserunt.
514 1354 620 1415 Milites
632 1355 666 1414 ad
679 1372 773 1414 unum
785 1373 890 1416 omnes
901 1353 1129 1415 interficiuntur.

141 1436 201 1504 43.
224 1439 277 1501 llis
291 1439 388 1500 rebus
410 1438 537 1518 cognitis
551 1438 678 1501 Marcius
696 1439 791 1499 Rnlus
814 1446 952 1518 quaestor
973 1439 1005 1499 in
1028 1440 1131 1500 castris

49 1524 176 1596 relictus
188 1543 204 1584 a
217 1523 345 1585 Curione
360 1523 534 1584 cohortatur
548 1542 627 1598 suos,
643 1541 682 1584 ne
697 1523 795 1584 auimo
812 1522 958 1584 deficiant.
984 1523 1029 1582 llll
1045 1533 1131 1603 orant

57 1617 146 1686 atque
161 1608 333 1682 obsecrant,
356 1607 434 1669 utin
451 1607 579 1669 Siciliam
603 1607 726 1669 navibus
742 1615 942 1687 reportentur.
971 1606 1131 1669 Pollicetur

56 1694 263 1773 magistrisque
278 1693 404 1772 imperat
419 1693 551 1768 navium,
574 1703 607 1754 ut
622 1693 719 1772 primo
741 1710 863 1772 vespere
884 1710 989 1753 omnes
1008 1693 1131 1771 scaphas

56 1778 93 1838 ad
108 1778 177 1839 litus
192 1778 330 1858 appulsas
344 1777 481 1838 habeant.
512 1777 570 1839 Sed
585 1786 685 1838 matus
699 1777 755 1838 luit
770 1777 902 1838 omnium
917 1787 1024 1851 terror,
1039 1784 1073 1836 ut
1083 1777 1131 1838 alii
1154 1783 1168 1833 2

27 1911 29 1916 .
57 1864 158 1926 adesse
173 1862 274 1942 copias
288 1862 378 1923 lubae
394 1863 542 1937 dicerent,
565 1862 613 1923 alii
629 1880 695 1922 cum
711 1861 879 1941 legionibus
897 1862 1007 1922 instare
1022 1861 1131 1923 Varum

56 1949 174 2026 iamque
196 1966 228 2009 se
249 1947 401 2027 pulverem
422 1948 605 2009 venientium
627 1966 750 2008 cernere
772 1949 911 2026 (quarum
934 1963 1040 2007 rerum·
1058 1947 1131 2007 nibil

57 2033 180 2094 omnino
202 2033 375 2110 acciderat),
403 2032 452 2092 alii
474 2033 596 2094 classem
618 2033 747 2094 bostium
769 2032 905 2093 celeriter
933 2031 1132 2093 advolaturam

56 2118 289 2197 suspicarentur.
326 2117 429 2196 ltaque
444 2118 608 2196 perterritis
624 2117 763 2178 omnibns
778 2117 834 2178 sibi
850 2116 976 2196 quisque
991 2117 1131 2178 consule-

57 2202 116 2263 bat.
143 2202 210 2274 ·Qui
232 2203 262 2263 in
286 2202 379 2263 classe
400 2212 500 2278 erant,
522 2203 670 2282 proticisci
684 2202 895 2281 properabant.
932 2200 1046 2263 Horum
1061 2202 1130 2280 luga
1152 2207 1167 2256 3

57 2287 175 2349 navium
190 2287 392 2349 onerariarum
407 2287 562 2367 magistros
576 2286 717 2348 incitabat
722 2306 731 2364 ;
747 2288 833 2366 pauci
847 2286 1001 2349 lenunculi
1016 2286 1051 2347 ad
1065 2287 1130 2347 ofli-

56 2372 134 2434 cinm
151 2373 367 2452 imperiumque
390 2373 617 2434 conveniebant.
629 2377 635 2392 ’
648 2372 705 2433 Sed
720 2380 801 2433 tanta
818 2380 880 2433 erat
895 2371 1050 2451 completis
1062 2371 1132 2433 lito·
1152 2377 1177 2426 4.

57 2457 139 2520 ribus
154 2458 321 2531 contentio,
345 2457 395 2536 qui
416 2458 601 2537 potissimum
625 2477 660 2518 ox
675 2475 783 2537 magno
799 2475 926 2518 numero
947 2455 1131 2517 conscende·

56 2544 134 2615 rent,
149 2551 183 2603 ut
194 2541 384 2603 multitudine
399 2551 486 2620 atque
501 2561 594 2604 onere
610 2542 745 2625 nonnulli
762 2543 1009 2621 deprimerentur,
1024 2540 1131 2618 reliqui

58 2625 117 2685 hoc
131 2626 237 2687 timore
252 2626 377 2705 propius
391 2626 472 2688 adire
486 2629 684 2688 tardarentur.

114 2789 116 2793 Ι
143 2707 203 2772 44.
227 2709 342 2780 Quibus
356 2709 447 2772 rebus
462 2711 581 2785 accidit,
602 2719 636 2771 ut
650 2711 737 2790 pauci
751 2710 858 2771 milites
872 2719 1031 2789 patresque
1047 2709 1130 2770 lami-

58 2840 126 2890 cum,
138 2823 167 2875 B.
177 2823 206 2876 G.
219 2828 244 2888 4,
258 2828 299 2890 26,
312 2829 327 2878 5
340 2827 465 2891 insulam,
478 2825 568 2879 ebend.
619 2843 683 2877 rare
699 2824 808 2891 sugam,
827 2826 976 2892 ceciditque
992 2829 1022 2875 in
1038 2830 1132 2890 strage

59 2895 101 2956 36,
114 2896 130 2944 4
143 2898 255 2958 portum
273 2909 375 2959 cupere.
619 2910 731 2946 cuorum
742 2895 861 2959 Impiger
878 2894 1006 2944 adlatum
1024 2897 1051 2942 et
1061 2892 1131 2953 sor·

93 2963 116 3012 2.
134 2963 237 3024 intcgm'
243 2963 437 3027 procumbunt:
454 2960 491 3013 sie
504 2964 570 3013 stur·
621 2966 667 3012 tir
684 2965 813 3013 uirtute
830 2966 955 3012 coacto.
978 2959 1028 3012 Das
1046 2958 1130 3026 llaupt

58 3044 105 3081 zen
129 3029 316 3081 unverwnndet
337 3028 436 3094 medor,
460 3044 508 3080 vor
524 3028 569 3078 ΕΓ·
620 3029 666 3081 des
685 3028 759 3081 Curio
776 3029 865 3080 wnrde
883 3044 914 3080 zu
932 3027 1012 3092 Juba,
1034 3028 1129 3080 seinem

57 3097 239 3162 mattungund
251 3096 430 3164 blutlosigkeit
448 3096 502 3147 sich
516 3095 570 3148 aul·
621 3096 799 3164 persdnlichen
817 3096 911 3148 Feinde
930 3100 962 3160 (c.
980 3099 1021 3161 25,
1034 3099 1069 3161 ll,
1086 3110 1130 3162 ge-

59 3163 167 3231 gebend.
620 3164 719 3229 bracbt,
736 3163 801 3230 App.
815 3167 839 3229 2,
851 3167 893 3216 45.

93 3235 116 3284 3.
136 3232 333 3295 Ombomitr'cs,
351 3233 422 3284 nicht
434 3231 478 3283 der
490 3234 514 3296 3,
527 3233 568 3295 34,
655 3237 678 3284 5.
703 3232 913 3283 demonstratum
931 3237 983 3282 ert:
1007 3247 1028 3283 c.
1046 3233 1087 3297 39,
1105 3235 1129 3283 6.

59 3303 74 3351 3
93 3298 145 3350 und
163 3299 229 3351 dlter
246 3305 373 3366 geuannte
386 3301 429 3353 Gn.
442 3298 568 3352 Domitius
652 3297 700 3354 lu.
720 3304 741 3352 l.
759 3298 846 3361 livosus
860 3304 998 3366 quaestor:
1016 3315 1038 3353 c.
1052 3302 1093 3365 23,
1106 3304 1129 3351 5.

59 3365 189 3431 Calvinus,
207 3366 251 3418 der
262 3369 297 3417 im
308 3367 332 3420 J.
346 3370 378 3419 53
391 3367 489 3421 lionsnl
501 3382 566 3428 war;
653 3370 677 3420 2.
701 3383 817 3432 quarum
833 3384 924 3419 rerum
941 3369 1018 3419 nibil.
1055 3366 1080 3419 S.
1099 3383 1131 3418 zu

59 3434 127 3485 denn
145 3449 172 3484 er
189 3432 286 3486 konnte
304 3435 342 3487 als
353 3433 481 3487 llonsnlar
497 3435 568 3486 nicht
624 3438 646 3501 l,
659 3439 684 3499 Ἰ,
697 3439 720 3488 5.

58 3500 247 3566 Baiterprblekt
259 3501 323 3567 sein,
337 3501 367 3553 da
380 3502 451 3554 diosc
463 3518 510 3554 nur
521 3517 568 3554 aus
656 3506 679 3555 3.
698 3506 745 3569 quc·
756 3506 785 3553 tu
797 3505 879 3554 olnsre
888 3508 973 3566 eram,
982 3502 1057 3568 prof.
1066 3518 1130 3568 pro-

59 3569 117 3621 dem
148 3568 319 3621 Ritterstnnde
354 3569 468 3635 gewahlt
502 3585 569 3622 wur-
617 3573 759 3653 parabant.
785 3570 851 3657 App.
876 3574 904 3638 2,
925 3573 973 3624 td:
1001 3566 1132 3653 ‹Dldppag

59 3635 117 3690 den.
621 3654 784 3711 οναυαρχοε
801 3643 899 3690 auctus
919 3640 1031 3708 ἔφευγεν
1054 3654 1129 3701 cusq)

93 3708 118 3758 4.
141 3721 157 3756 a
177 3704 289 3756 Caesare
306 3702 371 3765 fidoi
387 3707 570 3754 commissum:
621 3701 726 3771 στόλῳ,
753 3709 820 3774 πρίν
841 3724 907 3758 τινα
930 3706 989 3757 τῶν
1013 3705 1058 3755 ἐπὶ
1084 3703 1131 3769 rip

60 3787 83 3828 c.
98 3775 138 3837 Π,
153 3775 178 3824 2.
196 3798 229 3810 ·-
242 3771 382 3836 proelians
398 3770 570 3833 interficitur.
621 3773 668 3844 γῆς
684 3770 841 3839 ἀναλαβεῖν.

60 3840 153 3892 Lucan.
171 3842 196 3904 4,
214 3840 278 3891 796:
299 3838 360 3890 Nou
380 3839 444 3890 tulit
459 3838 571 3902 afflictis
656 3844 681 3894 4.
700 3843 750 3892 boc
768 3844 876 3891 timore:
893 3855 915 3902 c,
933 3841 973 3901 20,
986 3842 1010 3890 4.

60 3909 178 3985 unimam
192 3907 344 3972 producere
354 3910 432 3958 redeas
443 3906 501 3958 Aut
514 3923 570 3975 cpe·
656 3906 703 3962 44.
723 3912 745 3960 l.
759 3912 854 3972 putrer
871 3906 1007 3969 familiae:
1025 3921 1046 3957 c.
1064 3909 1089 3969 4,
1105 3909 1128 3959 3.
